3167 4992
655 338 868 402 „33-

195 528 321 594 omnino
355 535 486 613 propter
512 528 616 613 ipsam
641 526 891 612 Babyloniorum
919 524 1063 591 fabulam
1088 522 1335 609 Aristophanem

195 671 239 680 -
261 633 368 718 potius
391 632 608 698 Callistratum
637 671 673 678 -
704 631 738 696 in
767 631 816 695 ius
838 629 948 695 uocari
971 629 1129 714 potuisse:
1157 627 1335 694 maiestatis

195 743 327 820 poetam
351 741 537 802 accusatum
560 756 630 801 esse
655 735 811 801 aOleone
834 734 927 817 irato,
952 733 1038 816 quod
1060 733 1129 817 ipse
1152 732 1208 797 illa
1224 732 1336 796 fabula

198 841 364 906 calumniis
387 841 518 906 obrutus
534 845 628 905 esset.
666 839 896 924 „Miserrimum
912 837 1005 921 enim,
1029 836 1078 901 vir
1094 836 1207 903 doctus
1222 835 1334 919 inquit,

198 944 438 1010 Atheniensium
471 943 520 1008 ius
555 942 641 1026 quod
675 942 784 1007 dicunt
818 941 981 1026 publicum
1011 939 1133 1025 fuisset,
1168 939 1195 1004 si
1224 938 1336 1004 fabula

200 1047 340 1130 quadarn
369 1049 410 1114 ab
440 1069 479 1113 co
508 1047 562 1130 qui
591 1047 675 1112 ludis
705 1052 857 1131 praeerat
885 1053 1023 1129 accepta
1051 1051 1084 1111 et
1106 1045 1150 1110 ad
1173 1051 1336 1134 certamen

123 1149 124 1154 ’
200 1151 349 1236 admissa,
379 1151 406 1216 si
436 1151 513 1234 quid
544 1150 683 1216 atrocius
710 1150 743 1214 in
765 1149 997 1233 rempublicam
1021 1149 1141 1213 dictum
1163 1147 1336 1231 videretur,

198 1262 317 1339 poetae
345 1260 402 1320 aut
429 1254 460 1319 ei
483 1254 537 1337 qui
560 1255 601 1319 ab
626 1254 779 1319 archonte
804 1252 934 1318 chorum
956 1259 1093 1318 nanctus
1115 1258 1185 1317 erat
1206 1258 1338 1336 propter

199 1358 304 1442 ipsam
333 1357 478 1423 fabulam
504 1357 593 1422 litem
622 1357 789 1422 intendere
818 1356 970 1422 licuisset.
1022 1358 1121 1421 Immo
1151 1355 1272 1421 archon
1298 1354 1338 1420 si·

200 1463 364 1543 mulatque
380 1459 524 1525 fabulam
539 1461 698 1544 probavit,
723 1481 815 1525 omne
832 1460 878 1525 rei
895 1460 1071 1543 periculum
1086 1460 1192 1526 subiit.
1224 1462 1338 1542 ltaque

202 1563 314 1628 Cleoni
336 1562 484 1627 iniuriam
506 1563 567 1628 sibi
590 1563 713 1629 illatam
735 1565 840 1628 ulturo
863 1563 952 1628 aliud
974 1564 1196 1647 undecumque
1220 1563 1340 1629 crimen

203 1666 423 1749 quaerendum
459 1673 538 1750 erat,
578 1667 664 1749 quod
701 1667 744 1732 ad
777 1667 1027 1733 confirmandum
1060 1669 1116 1734 illa
1149 1668 1261 1734 fabula
1294 1667 1341 1733 uti

200 1776 339 1855 poterat.
400 1770 538 1836 Licebat
579 1770 676 1854 igitur
718 1771 830 1837 Oleoni
872 1793 930 1856 per
971 1772 1174 1852 εἰσαγγελίαν
1209 1778 1341 1856 poetam

201 1877 404 1956 ξυνωμοσίας
431 1893 600 1957 accusare,
634 1895 760 1956 quoquc
789 1874 917 1940 facilius
945 1875 1104 1940 iudicibus
1131 1875 1342 1960 persuaderet

202 1977 449 2062 Aristophanem
461 1977 624 2042 societatis
636 1977 680 2042 ad
691 1979 923 2062 rempublicam
934 1979 1341 2063 evertendamparticipem

202 2102 283 2165 esse,
318 2102 381 2146 non
397 2081 517 2178 xnullos
544 2081 796 2164 Babyloniorum
829 2083 917 2166 locos
946 2082 1140 2164 eosdemque
1169 2081 1341 2147 acerrimos

203 2187 329 2250 afferre.
374 2186 422 2250 Ac
445 2194 560 2250 revera
583 2185 734 2250 Cleonem
756 2185 820 2249 hac
842 2185 897 2249 via
920 2185 964 2250 ad
979 2184 1195 2250 ulciscendum
1211 2191 1341 2270 poetam

204 2289 381 2371 ingressum
405 2307 475 2354 esse
500 2294 532 2353 et
555 2287 744 2353 scholiastes
768 2292 825 2371 (sc.
850 2287 894 2352 ad
909 2308 955 2352 vs.
973 2289 1065 2366 378);
1089 2288 1141 2350 καὶ
1167 2288 1223 2351 διὰ
1244 2293 1340 2353 τοῦτο

205 2392 368 2479 ὀργισθεὶς
391 2391 535 2455 όΚλέων
557 2391 726 2478 ἐγράψατο
749 2391 852 2456 αὐτόν
873 2391 1003 2465 ἀδικίας
1024 2394 1070 2466 εἷς
1091 2392 1168 2466 τούς
1190 2391 1340 2468 πολίτας,

204 2497 247 2571 τίς
268 2498 314 2571 είς
336 2499 428 2582 ὕβριν
450 2500 508 2560 τοῦ
532 2496 637 2581 δήμου
663 2497 716 2559 καί
740 2499 794 2581 τῆς
816 2496 934 2581 βουλῆς
956 2500 1059 2561 ταῦτα
1081 2497 1287 2582 πεποιηκότα
1309 2504 1343 2563 et

203 2600 304 2685 ipsius
331 2600 555 2685 Aristophanis
589 2621 699 2667 versus
733 2600 813 2666 satis
847 2601 1096 2666 demonstrant.“
1146 2603 1246 2668 Immo
1279 2623 1342 2667 non

204 2706 434 2788 demonstrant,
465 2710 500 2770 ut
528 2705 569 2769 ab
600 2705 750 2770 extremis
781 2705 889 2770 verbis
916 2705 1034 2789 ordiar,
1063 2705 1122 2770 sed
1144 2706 1343 2790 redarguunt

203 2809 288 2874 hano
321 2809 381 2873 viri
416 2807 501 2872 docti
536 2808 726 2892 opinionem.
783 2808 937 2891 Neglexit
971 2809 1056 2874 enim
1088 2809 1231 2893 inprimis
1264 2809 1344 2874 illud

206 2915 305 2988 ξένων
327 2911 513 2997 παρόντων,
538 2911 623 2994 quod
646 2917 711 2976 tam
735 2912 878 2993 graviter
900 2919 999 2996 poeta
1020 2918 1052 2977 et
1067 2912 1257 2979 scholiastes
1274 2935 1344 2997 pre·

207 3020 308 3097 munt3
348 3021 415 3080 tum
448 3035 525 3080 vero
559 3035 600 3079 ex
634 3015 779 3080 omnibus
813 3015 1067 3098 tharnensium
1100 3017 1216 3100 verbis,
1259 3037 1342 3099 quae

208 3119 249 3184 de
282 3118 344 3183 hac
378 3138 494 3184 caussa
521 3118 610 3183 facta
640 3125 721 3202 sunt,
754 3125 841 3184 certo
873 3119 975 3202 liquet
1004 3120 1045 3184 ob
1073 3119 1177 3204 ipsam
1199 3119 1343 3186 fabulam

206 3221 296 3286 litem
326 3221 481 3288 intentam
510 3241 591 3306 esse,
619 3221 758 3287 maxime
788 3221 927 3306 quidem,
956 3227 991 3287 ut
1004 3221 1095 3288 'alios
1117 3223 1271 3309 omittam,
1303 3245 1344 3289 ex

206 3345 252 3392 vs.
277 3327 338 3392 377
363 3346 452 3409 sqq.:
797 3395 802 3402 ,

362 3429 457 3504 αὐτός
479 3431 507 3492 τ’
530 3430 670 3513 ἐμαυτὸν
692 3429 759 3494 ὑπὸ
783 3430 928 3504 Κλέωνος
949 3433 1117 3496 ἅπαθον

363 3532 539 3616 ἐπίσταμαι
567 3534 632 3597 διὰ
662 3537 730 3619 την
756 3538 899 3621 πέρυσι
926 3535 1158 3619 κωμῳδίαν·
1186 3537 1252 3600 κτλ.

209 3633 276 3700 Sed
302 3655 343 3700 ne
373 3636 566 3702 scholiastae
596 3637 724 3720 quidem
753 3638 947 3703 auctoritate
969 3639 1116 3704 Lubkius
1142 3640 1200 3705 niti
1223 3641 1344 3724 debuit,

208 3758 280 3803 cum
314 3746 346 3803 et
379 3738 464 3804 hunc
491 3740 577 3805 idem
607 3739 744 3805 sensisse
775 3740 862 3823 quod
889 3761 948 3806 nos
976 3763 1016 3808 ex
1045 3743 1152 3808 verbis
1175 3744 1244 3809 eius
1266 3745 1345 3809 satis

69 3827 72 3830 ⁵
105 3901 108 3905 .
207 3850 382 3928 appareat3
406 3865 481 3909 narn
505 3843 571 3906 διὰ
593 3850 726 3920 τοῦτο,
750 3844 862 3929 inquit,
886 3846 1050 3932 ὀργισθεὶς
1073 3847 1091 3910 ό
1114 3848 1224 3912 Κλέων
1245 3848 1344 3933 ἐγρά-

207 3959 298 4030 ψατο
322 3947 423 4012 αὐτὸν
451 3947 579 4022 ἀδικίας
606 3949 651 4022 είς
678 3949 754 4023 τοός
776 3949 928 4024 πολίτας,
957 3950 987 4015 h.
1013 3971 1040 4016 e.
1066 3950 1132 4013 διὰ
1154 3951 1197 4014 τό
1219 3957 1345 4026 κακῶς

207 4051 334 4130 λέγειν
362 4053 425 4114 καὶ
453 4052 672 4137 absurdam
703 4061 750 4119 et:
779 4053 824 4128 τός
850 4056 895 4128 εἰς
917 4057 1009 4139 ὕβριν
1038 4100 1045 4116 .
1070 4100 1077 4115 .
1102 4101 1109 4116 .
1133 4058 1257 4118 ταῦτα
1279 4079 1342 4119 πε-

208 4155 381 4239 ποιηκότα,
410 4155 535 4222 scilicet
562 4157 604 4220 τὸ
634 4157 844 4243 κωμῳδεῖν.
890 4159 996 4240 Atque
1019 4177 1148 4241 prorsus
1170 4159 1275 4224 omisit
1297 4159 1346 4225 vir

209 4258 331 4343 doctus,
357 4280 441 4343 quae
464 4260 632 4326 annotavit
654 4261 698 4325 ad
720 4280 766 4325 vs.
783 4262 865 4326 503:
897 4264 997 4337 ξένων
1019 4259 1208 4346 παρόντων
1233 4262 1345 4328 διὰτὸ

208 4361 243 4426 ἒν
272 4372 340 4436 τοῖς
362 4362 587 4444 Βαβυλωνίοις
615 4363 748 4428 πολλῶν
771 4365 945 4448 παρόντων
968 4368 1068 4441 ξένων
1088 4366 1244 4451 εἰρηκέναι
1266 4368 1348 4430 κατὰ

210 4465 344 4530 πολλῶν
366 4467 423 4532 τόν
444 4467 694 4555 Ἀριστοφάνην.
730 4467 793 4532 διό
816 4468 879 4532 καί
902 4462 1156 4557 κατηγορήθη
1177 4471 1256 4536 ὑπὸ
1280 4475 1348 4535 τοῦ

261 4577 356 4633 Briel,
375 4578 410 4625 De
423 4577 559 4627 Callistrato
572 4583 597 4626 et
609 4579 740 4628 Philonide.
1125 4593 1142 4646 3
