3167 4992
711 333 904 395 -4-

325 518 423 584 Plura
457 538 586 602 possum
609 518 735 601 affene,
770 518 829 583 sed
855 517 920 582 iam
943 515 1104 582 sufficiunt
1127 516 1276 599 exempla
1298 515 1377 580 satis
1414 591 1417 596 ,

125 624 143 628 ”
238 640 407 705 superque.
458 622 564 704 Atque
599 623 697 688 etiam
730 620 764 686 in
791 621 888 686 Pacis
917 620 1099 686 didascalia
1129 621 1262 685 verbum
1291 619 1376 683 ι1ιτο-

238 727 407 811 κρίνεσθαι
436 725 476 790 de
503 731 613 791 actore
636 724 775 809 positum
797 723 957 811 videmus3
980 745 1055 790 narn
1075 723 1121 788 ibi
1143 723 1226 789 sorte
1248 722 1377 788 fortuna

237 829 321 896 haee
347 836 477 896 servata
507 836 598 896 suntt·
628 830 664 893 τὸ
694 827 729 892 δὲ
758 827 868 916 δρᾶμα
894 828 1090 914 ὑπεκρίνατο
1112 826 1376 914 Ἀπολλόδωρος.

237 934 308 999 Hoc
340 954 402 999 uno
437 935 584 1018 exemplo
619 933 758 999 dilucide
792 934 948 1017 probatur
980 939 1014 998 et
1047 931 1250 997 confirmatur
1279 931 1377 998 etiam

237 1036 464 1120 grammaticos
497 1036 732 1101 Alexandrinos
765 1034 1004 1122 ὑποκρίνεσθαι
1039 1043 1071 1100 11
1101 1033 1267 1099 διδάσκειν
1293 1036 1376 1101 bene

238 1140 431 1225 distinxisse,
454 1159 559 1222 neque
581 1139 695 1204 mirum
717 1145 776 1222 est,
801 1160 874 1203 cum
895 1139 929 1203 in
944 1137 1132 1205 didascaliis
1148 1139 1377 1223 componendis

237 1245 340 1312 secuti
363 1243 425 1310 sint
440 1243 556 1310 librum
571 1242 752 1308 Aristotelis
768 1242 809 1308 de
825 1242 1008 1309 actionibus
1021 1243 1190 1330 seriptum3
1212 1241 1376 1308 Aristoteli

237 1371 324 1434 vero,
348 1349 468 1433 quippe
491 1348 545 1432 qui
568 1349 698 1414 saeculo
722 1353 836 1431 quarto
858 1347 998 1432 floreret,
1021 1368 1081 1413 sua
1103 1368 1145 1413 ex
1166 1348 1245 1432 ipsis
1268 1368 1376 1413 monu-

238 1454 353 1520 mentis
375 1453 559 1537 tabulisque
582 1452 719 1538 publicis
741 1451 871 1518 haurire
893 1451 1016 1517 licitum
1038 1459 1118 1518 erat.

277 1543 281 1549 ’
322 1559 436 1641 Neque
458 1556 556 1640 igitur
579 1557 623 1622 ad
645 1555 924 1623 suamlibidinem
945 1555 1149 1639 grammatici
1163 1554 1376 1620 Alexandrini

236 1663 330 1728 modo
358 1662 420 1728 hoc
447 1661 542 1727 modo
570 1661 624 1727 illo
653 1682 749 1727 sensu
770 1660 924 1726 formulas
946 1659 1084 1726 traditas
1106 1666 1289 1744 posuerunt,
1318 1658 1377 1724 sed

237 1787 278 1832 cx
305 1765 410 1831 alieno
438 1765 673 1848 quodammodo
700 1765 881 1849 pendentes
908 1763 1040 1830 arbitrio
1068 1763 1101 1827 in
1130 1783 1222 1829 suam
1248 1783 1375 1845 quaque

236 1869 428 1936 sententiam
456 1868 504 1934 usi
532 1874 615 1954 sunt,
649 1875 743 1953 prout
771 1868 961 1934 Aristoteles
990 1867 1245 1952 praescribebat,
1282 1887 1374 1948 quem

236 1973 360 2057 priscas
393 1979 426 2038 et
459 1972 617 2055 genuinas
650 1971 804 2038 formulas
833 1972 867 2036 in
895 1972 975 2037 libro
1006 1992 1064 2038 suo
1092 1970 1260 2037 retinuisse
1282 1990 1375 2035 nemo

236 2076 380 2159 negabit.
424 2078 539 2160 Itaque
562 2075 682 2142 Koehii
705 2075 891 2142 coniectura
913 2095 1043 2160 prorsus
1064 2075 1229 2141 reicienda
1252 2080 1310 2140 est.

321 2179 364 2244 At
396 2185 526 2246 exstant
560 2180 616 2245 illa
649 2185 795 2245 veterum
828 2178 1021 2263 testimonia,
1056 2179 1171 2262 quibus
1203 2178 1376 2243 Kochiana

236 2282 397 2348 sententia
419 2282 524 2350 fulciri
547 2283 674 2348 videtur
696 2289 729 2347 et
753 2282 942 2366 confirmari,
969 2283 1160 2366 pracsertim
1183 2302 1254 2347 oum
1276 2279 1374 2346 schol.

236 2384 281 2451 ad
294 2387 378 2454 Nub.
394 2407 440 2452 11.
457 2387 518 2452 531
543 2386 661 2470 prodat
681 2392 797 2470 postea
812 2392 979 2467 utrumque
995 2385 1218 2469 Aristophanis
1233 2390 1376 2450 actorem

236 2488 345 2573 fuisse,
369 2509 454 2573 quae
481 2495 514 2554 et
541 2489 614 2574 ipsa
635 2488 753 2554 Kochii
778 2495 827 2555 111
850 2489 966 2574 opinio.
1011 2488 1106 2554 Licet
1129 2495 1255 2554 exstent
1277 2495 1374 2571 atque

236 2593 364 2658 obstent
386 2593 470 2658 haec
492 2597 637 2658 veterum
652 2591 845 2674 testimonia,
869 2591 897 2656 si
912 2591 1043 2674 quidem
1057 2591 1117 2657 hoc
1133 2590 1260 2656 nomine
1277 2591 1376 2674 digna

236 2702 318 2778 sunt,
341 2716 399 2762 nos
421 2695 550 2761 minime
572 2697 806 2780 perturbamur.
840 2696 924 2762 Nam
947 2695 1082 2783 primum
1104 2695 1258 2760 maiorem
1279 2694 1375 2760 fidem

235 2798 391 2864 habemus
425 2798 612 2864 didascaliis
646 2798 756 2882 eisque
790 2798 880 2883 locis,
916 2819 995 2882 quos
1023 2799 1155 2864 haustos
1184 2818 1255 2864 esse
1284 2819 1301 2863 e
1329 2797 1375 2862 di-

236 2901 388 2968 dascahis
428 2902 542 2986 liquet,
585 2923 655 2968 cum
699 2901 838 2987 profecti
875 2902 938 2967 sint
973 2902 1018 2968 ad
1053 2922 1150 2967 unum
1186 2921 1296 2966 omnes
1332 2902 1375 2967 ab

235 3005 422 3087 Aristotele3
449 3025 554 3088 neque
582 3026 658 3070 vero
686 3005 823 3089 legimus
851 3005 883 3069 in
912 3005 1032 3070 talibus
1052 3005 1133 3070 locis
1157 3003 1375 3070 Callistratum

235 3117 292 3176 aut
312 3110 514 3177 Philonidem
536 3111 569 3175 in
591 3110 709 3177 fabulis
725 3111 969 3196 Aristophaneis
991 3110 1111 3196 primas
1132 3114 1242 3194 partes
1258 3109 1374 3193 egisse,

234 3215 293 3279 sed
325 3221 493 3298 utrumque
522 3213 746 3300 Aristophanis
780 3215 965 3281 comoedias
993 3215 1111 3280 docere
1138 3213 1265 3279 solitum
1292 3233 1371 3278 esse.
1443 3252 1446 3256 -

235 3319 318 3383 Tum
344 3338 420 3383 vero
444 3318 500 3383 illa
523 3318 706 3383 testimonia
729 3318 885 3384 eiusmodi
909 3325 992 3403 sunt,
1021 3319 1165 3383 utnulla
1186 3317 1251 3382 fide
1275 3318 1373 3401 digna

235 3439 306 3486 esse
329 3418 461 3503 possint.
506 3421 590 3487 Nam
613 3419 699 3502 quod
721 3419 755 3485 in
776 3420 853 3486 Vita
875 3420 932 3485 illa
953 3419 1026 3504 ipsa
1048 3420 1184 3485 formula
1209 3417 1374 3485 διδάσκειν

235 3522 292 3586 διά
314 3529 409 3604 τινοςΙ
423 3522 529 3607 posita
552 3529 610 3607 est,
636 3524 866 3608 cognoscimus,
891 3544 987 3607 quam
1009 3545 1073 3590 non
1087 3532 1292 3609 perspectam
1306 3546 1373 3590 rem

234 3626 371 3710 scriptor
385 3626 544 3711 habuerit,
561 3646 665 3711 neque
682 3648 744 3711 ego
757 3628 887 3710 quidem
899 3627 1020 3713 dubito,
1037 3628 1113 3711 quin
1124 3629 1372 3714 Byzantinorum

233 3729 342 3818 nescio
373 3729 444 3814 quis
475 3729 644 3797 homuncio
672 3753 689 3796 e
719 3731 907 3797 didascaliis
939 3739 1059 3798 temere
1086 3733 1169 3800 haec
1196 3733 1371 3816 collegerit,

235 3855 306 3899 cum
329 3833 417 3899 illam
439 3834 617 3919 formulam,
642 3835 719 3917 quid
742 3835 804 3900 sibi
826 3836 924 3901 vellet
947 3836 1044 3919 plane
1067 3835 1210 3922 ignarus,
1233 3837 1266 3901 in
1288 3836 1370 3902 hanc

233 3937 350 4004 falsam
372 3939 565 4004 sententiam
588 3939 761 4022 acciperet.
795 3940 868 4006 Non
889 3939 1049 4005 audaciae
1074 3961 1144 4008 esse
1165 3941 1253 4007 illum
1268 3962 1371 4024 gram-

233 4040 384 4108 maticum
407 4041 567 4107 hominem
589 4048 656 4107 tam
678 4042 842 4108 indoctum
864 4048 978 4127 putare
994 4050 1133 4129 apparet
1148 4066 1189 4110 cx
1207 4044 1263 4128 eis,
1288 4065 1371 4127 quae

233 4151 420 4227 sequuntur:
460 4144 516 4208 διά
548 4145 607 4227 μὲν
644 4144 829 4210 Φιλωνίδου
862 4147 902 4208 τά
938 4146 1096 4231 δημοτικά
1128 4156 1184 4231 (11.
1221 4147 1372 4231 δράματα

232 4247 466 4334 Ἀριστοφάνης
495 4246 690 4330 ἐδίδασκεν),
726 4249 783 4312 διὰ
812 4249 847 4313 δὲ
875 4250 1116 4336 Καλλιστράτου
1144 4253 1185 4314 τά
1212 4252 1370 4327 λδιωτικά,

234 4372 317 4435 1111
345 4353 446 4417 verba
473 4351 632 4419 hominem
660 4352 856 4420 levissimum
882 4360 1020 4438 arguunt
1049 4361 1082 4420 ct
1109 4355 1369 4422 indoctissimum.

233 4455 437 4539 Quapropter
452 4474 514 4520 non
529 4455 645 4522 iniuste
658 4454 842 4522 Dindorfius
857 4457 983 4524 videtur
995 4458 1111 4542 egisse,
1128 4459 1182 4542 qui
1195 4467 1371 4526 extremam
