3167 4992
645 315 936 409 zm..

214 557 220 568 ·
264 521 406 609 inseruit,
437 525 590 595 videlicet
617 535 653 595 ut
678 533 762 598 male
790 532 984 600 fabricatam
1015 536 1107 619 qnasi
1130 547 1299 606 excusaret
1320 540 1399 628 sire,

266 628 352 709 quod
378 630 482 713 magis
512 630 648 717 videtur,
680 637 823 701 consulto
854 637 1021 705 distortam
1053 647 1085 706 et
1114 641 1146 706 in
1169 643 1260 727 peius
1282 645 1399 731 fictam,

264 730 311 796 ita
334 739 453 798 utnon
475 733 540 800 iam
563 758 711 822 persona,
735 740 794 805 sed
816 740 922 825 potius
944 744 1036 810 larva
1059 752 1153 812 essct.

350 838 418 902 Iam
447 841 591 923 proximo
620 863 703 908 anno
726 844 958 929 Aristophanes
981 848 1024 913 ad
1046 850 1214 933 pristinam
1236 860 1400 919 eonsuetu-

266 939 372 1006 dinem
387 942 515 1009 rediens
530 946 669 1014 Nubium
685 947 830 1013 fabulam
852 950 907 1014 alii
923 951 1013 1016 dedit
1029 953 1217 1039 docendam,
1241 955 1401 1021 Philonidi

265 1044 398 1111 scilicet.
445 1047 546 1124 Quem
568 1051 678 1117 Nubes
708 1036 856 1120 docuisse
884 1054 1036 1138 colligere
1058 1057 1135 1123 licet
1157 1080 1199 1124 ex
1220 1059 1274 1125 illo
1298 1081 1401 1142 gram-

265 1149 452 1216 maticorum
480 1154 670 1240 testimonie,
707 1156 793 1242 quod
821 1157 956 1240 legimus
984 1160 1073 1245 apud
1099 1162 1300 1247 Anonymum
1327 1166 1401 1251 περὶ

265 1277 344 1337 arcp.
366 1256 427 1320 111:
452 1255 508 1330 τάς
530 1261 589 1340 μὲν
611 1259 671 1345 γὰρ
695 1259 865 1334 πολιτικὰς
887 1263 990 1347 τούτῳ
1013 1268 1070 1346 (sc.
1094 1269 1139 1352 τῷ
1160 1266 1400 1352 Καλλιστράτῳ)

266 1359 367 1442 φασὶν
396 1361 498 1426 αὐτὸν
525 1360 667 1438 διδόναι,
697 1363 754 1438 τάς
783 1364 820 1428 δὲ
842 1366 911 1428 κατ’
928 1367 1114 1453 Εὐριπίδου
1136 1369 1189 1433 καὶ
1212 1371 1402 1457 Σωκράτους

271 1462 443 1550 Φιλωνίδῃ.
488 1466 572 1533 Nam
595 1467 655 1532 etsi
679 1467 819 1534 dubitari
842 1469 962 1554 nequit,
987 1471 1062 1553 quin
1084 1492 1148 1537 non
1170 1473 1401 1558 Aristophanes

268 1566 330 1632 sibi
362 1567 442 1651 ipse,
477 1569 536 1635 sed
569 1572 798 1654 grammaticus
831 1573 940 1641 nescio
969 1574 1039 1658 quis
1067 1597 1085 1641 e
1114 1575 1232 1643 fabulis
1259 1578 1401 1644 efficiens

267 1671 353 1736 hanc
379 1672 485 1756 legem
512 1682 630 1758 poetae
652 1675 849 1762 imposuerit,
880 1685 998 1769 tamen,
1031 1687 1184 1762 quantum
1207 1702 1400 1764 cognoscere

267 1775 353 1860 licet,
376 1783 464 1842 reete
488 1779 710 1847 obscuravisse
734 1781 870 1847 videtur.
908 1783 1023 1866 Itaque
1047 1784 1197 1865 quoniam
1220 1785 1406 1851 comoedias
1491 1772 1494 1781 ’

269 1887 379 1947 contra
401 1883 589 1968 Euripidem
612 1891 644 1951 et
660 1886 828 1952 Socratem
850 1887 988 1971 scriptas
1003 1888 1188 1954 Philonides
1209 1889 1399 1954 commisisse

268 1985 454 2068 perhibetur
475 2008 579 2070 neque
603 1990 738 2055 alteram
753 1991 986 2074 Aristophanes
1006 1999 1117 2058 contra
1138 1993 1303 2060 Socratem
1318 2014 1400 2058 com-

268 2090 374 2174 posuit
396 2090 457 2156 nisi
471 2092 591 2177 Nubes,
614 2114 673 2179 per
688 2094 889 2160 Philonidem
910 2095 996 2161 hanc
1019 2096 1148 2162 doctam
1169 2117 1240 2162 esse
1256 2103 1402 2182 apertum

269 2201 326 2260 est.
373 2194 466 2272 Quod
495 2216 553 2261 nos
581 2197 613 2261 in
641 2197 822 2264 didascalia
844 2199 983 2266 Nubium
1005 2220 1120 2266 nomen
1142 2199 1319 2266 Philonidis
1339 2221 1403 2266 non

268 2299 333 2365 iam
360 2299 506 2385 legimus,
539 2323 602 2367 non
631 2302 785 2370 debemus
812 2302 929 2387 mirari,
966 2324 1038 2368 cum
1066 2310 1174 2369 notum
1204 2303 1254 2388 sit,
1283 2310 1403 2386 quanta

268 2405 467 2488 negligentia
490 2407 611 2472 librarii
634 2406 666 2472 in
691 2406 864 2472 exarandis
888 2407 1085 2490 argumentis
1108 2407 1156 2472 usi
1179 2407 1250 2473 sint.
1289 2409 1403 2490 Itaque

268 2509 468 2575 restituenda
508 2517 556 2576 est
588 2511 728 2578 Nubium
767 2511 948 2577 didascalia
986 2512 1019 2576 in
1058 2512 1142 2577 hunc
1175 2513 1243 2578 fere
1276 2513 1404 2578 modurn

270 2612 324 2696 (cs.
347 2613 430 2679 Nub.
455 2634 522 2696 arg.
547 2614 603 2694 V):
639 2612 673 2677 cri
696 2618 823 2702 πρῶται
845 2614 989 2698 Νεφέλαι
1011 2613 1045 2680 ἐν
1067 2616 1155 2678 ἄστει
1178 2614 1404 2699 ἐδιδάχθησαν

269 2716 324 2780 ἐπὶ
354 2719 511 2803 ἄρχοντος
540 2717 684 2804 Ἰσάρχου
713 2718 735 2781 δ
743 2718 781 2780 ιά
812 2718 1052 2792 Φιλωνίδου,
1088 2721 1139 2781 ὅτε
1167 2724 1325 2803 Κρατῖνος
1346 2718 1405 2800 μὲν

269 2821 357 2886 ἐνίκα
390 2825 530 2907 Πυτίνῃ,
564 2821 747 2907 Ἀμειψίας
781 2822 818 2886 δὲ
851 2823 973 2909 Κόννῳ.
1029 2823 1134 2904 Atque
1165 2820 1192 2886 'si
1218 2822 1251 2886 in
1280 2823 1343 2888 hac
1369 2842 1404 2888 re

271 2924 474 2990 coniecturae
507 2926 596 2991 locus
626 2933 689 3011 est,
724 2927 825 2992 oculis
850 2926 987 2992 fortasse
1016 2924 1164 2991 librarius
1194 2926 1358 2991 aberravit
1385 2946 1406 2990 a

270 3029 395 3094 nomine
417 3030 562 3113 Ἰσάρχου
591 3030 771 3097 adnomen
799 3030 995 3104 Φιλωνίδου,
1024 3028 1099 3111 quia
1122 3035 1289 3112 utrumque
1311 3029 1343 3092 in
1366 3049 1404 3090 ov

271 3133 374 3217 cadit,
400 3133 528 3216 litteris,
559 3155 642 3217 quae
670 3135 887 3218 intercedunt,
916 3132 1049 3199 omissis.
1102 3132 1169 3198 Sed
1191 3133 1255 3220 alio
1278 3151 1402 3215 quoque

270 3238 365 3303 modo
387 3239 496 3304 nescio
520 3259 582 3322 quo
606 3241 705 3306 verba
729 3239 785 3303 διὰ
804 3238 989 3303 Φιλωνίδου
1009 3235 1159 3303 excidere
1175 3234 1315 3320 potuisse
1331 3253 1401 3298 con-

272 3341 450 3407 cedendum
473 3349 530 3408 est.

358 3444 532 3512 Comoedia
560 3452 667 3512 autem
697 3468 768 3513 cum
797 3433 967 3512 cecidisset
997 3452 1030 3510 et
1057 3443 1190 3527 explosa
1217 3445 1312 3523 esset,
1339 3458 1403 3503 mo·

270 3548 440 3615 lestissime
467 3548 501 3613 id
530 3550 637 3616 ferens
666 3557 777 3635 poeta,
814 3551 867 3634 qui
894 3547 1138 3635 pulcherrimam
1166 3565 1237 3611 esse
1260 3544 1404 3611 fabulam

272 3653 469 3739 opinaretur,
505 3654 601 3738 plane
631 3676 703 3720 eam
732 3661 909 3721 retractare
940 3661 973 3719 et
999 3673 1056 3718 suo
1083 3649 1210 3715 nomine
1241 3650 1345 3714 denuo
1372 3647 1405 3710 in
1459 3719 1462 3722 ,
1569 3692 1570 3695 ¹

271 3778 423 3823 scaenam
445 3758 597 3824 inducere
620 3759 726 3824 animo
749 3759 923 3844 proposuit,
946 3757 1083 3823 fortasse
1103 3771 1236 3837 sperans
1251 3771 1287 3816 se
1302 3749 1405 3833 ipsum

272 3861 399 3928 facilius
433 3863 599 3928 victoriam
632 3869 868 3948 reportaturum
902 3881 982 3927 esse.
1036 3860 1150 3940 Neque
1183 3862 1292 3919 tamen
1325 3870 1405 3936 opus

271 3965 456 4031 inchoatum
480 3966 528 4030 δι’
550 3970 589 4052 ῆν
612 3989 693 4030 ποτε
715 3968 823 4030 αἰτίαν
845 3963 996 4048 confecit,
1021 3980 1119 4044 quare
1136 3955 1304 4024 comoedia
1318 3975 1405 4019 num-

273 4092 369 4153 quam
391 4071 423 4137 in
446 4091 565 4136 scaena
588 4071 706 4136 iterata
729 4075 778 4136 est
809 4068 863 4153 (cf.
885 4069 969 4136 Nub.
994 4087 1062 4148 arg.
1086 4064 1153 4143 VI).
1197 4061 1283 4127 Nam
1304 4059 1338 4124 in
1360 4057 1405 4122 di-

245 4162 424 4245 'crassaris
458 4177 497 4242 de
527 4177 635 4242 altera
668 4175 821 4250 Nubium¹
842 4173 969 4238 actione
1001 4169 1080 4234 nihil
1110 4170 1279 4232 exaratum
1307 4162 1405 4227 fnisse

273 4282 432 4367 expressis
447 4281 554 4347 verbis
570 4279 648 4346 dicit
663 4279 852 4345 scholiastes
875 4276 919 4342 ad
934 4275 1017 4342 Nub.
1033 4292 1080 4337 vs.
1097 4271 1174 4336 549:
1199 4268 1237 4331 οδ
1254 4270 1407 4352 φέρονται

273 4385 308 4449 αλ
330 4385 537 4450 διδασκαλίαι
559 4389 623 4449 τῶν
646 4384 802 4470 δευτέρων
816 4380 984 4465 Νεωελῶνς
1008 4376 1049 4442 cf.
1073 4374 1117 4441 ad
1132 4393 1178 4437 vs
1195 4371 1273 4436 552:
1301 4365 1335 4431 αἳ
1351 4366 1406 4430 δι-

274 4488 446 4552 δασκαλίαι
463 4485 498 4549 δὲ
515 4485 614 4571 δῆλον
629 4489 677 4551 δτι
693 4487 749 4560 τάς
762 4486 978 4565 διδαχθείσας
994 4486 1051 4563 (sc.
1065 4474 1224 4561 Νεφέλας)
1241 4475 1405 4557 φέρουσιν.
