3167 4992
704 342 895 402 -.5,

232 529 327 595 Vitae
361 536 495 613 partem,
529 530 562 592 in
596 550 660 612 qua
686 530 769 595 haec
797 530 898 595 verba
925 530 1084 613 leguntur,
1118 528 1269 596 inferiore
1295 531 1367 596 loco

231 639 374 722 poneret,
399 633 588 717 praesertim
610 653 681 698 curn
703 653 766 698 non
789 638 856 698 tam
878 633 919 698 de
942 632 1011 698 vita
1025 632 1249 718 Aristophanis
1272 655 1369 716 quam

232 737 272 801 de
305 738 400 802 rebus
434 735 579 801 omnibus
613 743 645 801 et
679 735 870 819 quibusdam
903 735 975 801 aliis
1001 736 1034 800 in
1062 757 1103 802 ea
1130 744 1256 821 agatur.
1307 740 1369 804 Illa

232 845 340 905 autem
368 839 412 905 ad
438 840 521 906 Nub.
546 859 591 904 vs.
615 841 677 904 531
712 840 812 906 verba
842 839 992 906 Graeculi
1021 861 1091 906 esse
1122 862 1180 925 per
1207 861 1242 908 sc
1265 848 1367 927 patet,

232 964 328 1025 quam
361 943 401 1008 ob
436 964 503 1008 rern
536 943 622 1008 idem
649 943 833 1009 Dindorfius
866 943 956 1008 uncis
984 965 1025 1008 ea
1053 943 1192 1029 seclusit,
1228 965 1311 1029 quae
1341 946 1368 1011 si

231 1047 327 1131 plane
357 1046 513 1130 eiecisset,
547 1067 610 1111 non
642 1047 866 1130 improbarem.
917 1047 1066 1112 Ceterum
1093 1049 1228 1114 alterum
1256 1049 1368 1114 horum

231 1157 442 1216 commentum
478 1151 520 1216 ab
558 1150 660 1216 altero
697 1151 840 1235 pendere
878 1151 945 1216 veri
978 1151 1054 1218 mihi
1089 1151 1216 1218 videtur
1249 1152 1367 1218 similli-

230 1275 315 1320 mum
337 1275 417 1320 esse.

316 1360 430 1442 ltaque
464 1351 568 1441 neque
598 1357 800 1424 Callistratus
828 1377 933 1441 neque
961 1359 1147 1425 Philonides
1172 1360 1205 1425 in
1234 1381 1366 1427 numero

230 1462 417 1528 histrionum
439 1461 508 1546 fuit,
532 1462 621 1527 velut
635 1461 858 1545 Apollodorus
883 1461 937 1544 qui
952 1463 1072 1528 Pacem
1092 1463 1168 1548 egit,
1193 1471 1281 1530 certo
1296 1465 1366 1531 fuit.

230 1568 343 1648 Neque
371 1573 479 1631 tamen
508 1566 566 1631 hos
596 1565 680 1631 viros
708 1586 945 1648 nonnumquam
974 1571 1084 1649 partes
1112 1587 1238 1651 quoque
1262 1569 1367 1652 egisse

230 1670 414 1755 praefracte
442 1691 536 1754 nego,
572 1690 643 1735 curn
673 1669 772 1736 ctiam
800 1668 864 1734 illis
891 1670 1088 1754 temporibus
1117 1678 1245 1756 poetae,
1280 1674 1368 1739 velut
1399 1757 1402 1761 y

230 1775 422 1858 Sophocles,
456 1774 518 1858 ipsi
545 1773 703 1839 interdum
733 1793 831 1856 agere
857 1775 1014 1841 solerent:
1049 1773 1119 1858 ipse
1146 1774 1209 1840 hac
1236 1775 1369 1843 licentia

229 1877 313 1943 infra
346 1884 431 1960 utar,
466 1873 595 1943 munere
629 1877 789 1942 histrionis
823 1883 980 1961 perpetuo
1007 1883 1121 1943 neuter
1149 1877 1278 1944 functus
1307 1886 1365 1945 est.

229 1983 343 2064 Itaque
366 1982 488 2048 reiecta
510 1988 560 2048 est
581 1981 688 2066 opinio
704 1981 886 2065 Kockiana,
911 1981 1083 2065 repudiata
1106 1988 1178 2046 sunt
1194 1982 1366 2049 Graeculo-

229 2106 298 2150 rum
319 2085 501 2151 testimonia
523 2087 576 2151 vel
599 2085 704 2170 potius
727 2090 916 2150 commenta.

223 2183 225 2188 ’
315 2191 357 2254 Et
380 2189 629 2273 quotusquisque
653 2187 749 2253 hodie
773 2194 832 2271 est,
856 2187 910 2270 qui
933 2187 993 2252 sibi
1016 2188 1156 2252 nondum
1172 2190 1368 2273 persuaserit

232 2292 477 2378 Aristophanem
505 2293 603 2359 etiam
630 2299 704 2378 post
730 2292 880 2375 Equitum
912 2291 1165 2356 commissionem
1188 2295 1368 2378 complures
1420 2283 1429 2288 ⁰

231 2398 282 2462 vel
305 2397 402 2463 etiam
424 2397 577 2482 plurimas
599 2396 728 2463 fabulas
750 2417 814 2461 non
836 2395 941 2480 ipsum
962 2395 995 2460 in
1017 2415 1170 2462 scaenam
1192 2397 1367 2468 induxisse,

230 2502 288 2566 sed
310 2502 381 2566 aliis
405 2501 542 2585 dedisse,
567 2500 620 2583 qui
645 2501 775 2565 chorum
790 2500 832 2565 ab
849 2500 1002 2566 archonte
1018 2506 1175 2585 peterent,
1198 2501 1368 2569 histriones

191 2631 192 2634 ¹
230 2611 262 2669 et
285 2605 453 2670 choreutas
476 2604 686 2688 instituerent,
712 2603 912 2669 comoediam
934 2624 991 2668 suo
1014 2604 1140 2670 nomine
1156 2605 1189 2669 in
1205 2611 1368 2671 certamen
1418 2601 1421 2606 ’

230 2709 472 2792 committerent,
488 2709 518 2774 h.
533 2729 559 2774 e.
574 2709 718 2774 fabulam
733 2707 895 2791 docerent,
912 2707 1005 2789 quasi
1019 2708 1082 2792 ipsi
1094 2709 1368 2792 composuissent?

230 2811 447 2897 susceperunt
480 2819 588 2878 autem
614 2812 676 2877 hoc
705 2811 869 2894 negotium
892 2811 1094 2877 Callistratus
1117 2818 1150 2877 et
1171 2812 1365 2878 Philonides.

229 2917 295 2982 Sed
329 2916 458 2999 quinam
491 2916 590 3001 fuere,
630 2936 701 2980 cum
734 2921 860 2980 actores
893 2935 949 2979 eos
982 2915 1080 2980 fuisse
1114 2921 1268 2998 negatum
1301 2916 1367 2982 sit?

229 3020 378 3086 Profecto
401 3020 432 3085 ei
455 3018 591 3103 fuerunt,
616 3018 763 3101 quiesse
787 3018 961 3101 dehebant,
986 3038 1058 3082 curn
1080 3018 1162 3083 alius
1182 3025 1300 3102 poetae
1316 3040 1367 3085 co-

228 3123 373 3203 moedias
412 3123 540 3208 proprio
574 3121 700 3187 nomine
735 3120 903 3204 docerent,
941 3141 1056 3204 nempe
1092 3126 1209 3204 poetae
1244 3121 1366 3188 cornici.

229 3228 430 3294 Philonidem
461 3233 591 3312 poetam
619 3226 718 3292 fuisse
750 3230 876 3290 cunstat
899 3231 931 3291 et
954 3225 1134 3290 testimonio
1158 3223 1289 3309 Suidae,
1314 3225 1375 3307 qui·

230 3333 328 3398 etiam
361 3333 469 3397 titulos
496 3331 662 3395 nonnullos
690 3329 927 3395 comoediarum
955 3329 1050 3394 affert
1060 3331 1091 3412 ¹),
1127 3333 1159 3394 ct
1186 3327 1367 3394 fabularum

229 3437 371 3518 reliquiis
395 3437 437 3502 ab
459 3435 628 3500 Athenaeo
652 3439 685 3499 et
699 3434 831 3498 Polluce
854 3432 1007 3516 servatis,
1033 3433 1073 3498 de
1090 3433 1273 3499 Calhstrato
1290 3433 1367 3498 nihil

231 3541 310 3607 certi
330 3539 374 3606 ad
388 3559 446 3605 nos
461 3537 645 3624 permansit.
675 3538 789 3619 Neque
805 3544 913 3602 tamen
929 3536 1050 3620 dubito,
1075 3536 1151 3619 quin
1167 3537 1368 3607 Callistratus

231 3664 357 3728 quoque
390 3649 489 3728 poeta
523 3641 663 3708 comicus
696 3640 806 3725 fuerit,
842 3661 913 3705 cum
940 3639 1187 3725 Aristophanem
1220 3647 1367 3725 poetae
1415 3654 1418 3659 ⁴

230 3769 335 3814 rerum
369 3747 589 3812 scaenicarum
622 3745 725 3828 perito
758 3743 888 3809 fabulas
921 3765 993 3809 cum
1026 3743 1108 3810 alias
1141 3751 1207 3809 tum
1233 3744 1368 3828 primam

231 3851 369 3917 maxime
400 3850 477 3914 darc
506 3869 639 3923 necesse
668 3854 762 3932 esset,
791 3847 819 3912 si
847 3846 975 3930 quidem
998 3847 1122 3929 aliquid
1143 3867 1275 3932 sperare
1298 3847 1367 3914 eius

231 3957 394 4022 intererat.

319 4057 402 4136 Quin
418 4057 516 4122 etiam
531 4075 718 4141 persuasum
733 4055 810 4120 mihi
826 4060 875 4120 est
886 4055 957 4120 loco
970 4054 1110 4138 quodam
1121 4053 1367 4141 Aristophaneo,

304 4300 323 4369 ¹)
349 4301 507 4366 Φιλωνίδης,
530 4299 680 4364 Ἀθηναῖος,
703 4277 818 4366 audrade
835 4295 961 4367 ἀρχαῖος·
985 4297 1117 4366 πρότερον
1134 4297 1163 4351 δὲ
1182 4292 1215 4362 ἦν
1232 4300 1368 4369 γναφεύς,

233 4389 274 4455 (ὃς
297 4388 429 4460 πρότερον
453 4383 485 4452 ἦν
508 4387 629 4458 γραφεύς
647 4385 784 4440 Eudocia.
803 4402 871 4454 pag.
889 4385 961 4451 428).
994 4384 1050 4437 τῶν
1067 4385 1215 4456 δραμάτων
1233 4384 1319 4440 adteri
1337 4381 1371 4452 ἦν

234 4476 380 4545 Κόθορνος
398 4473 510 4540 'Arrium
531 4475 696 4546 Φιλέταιρος.
