3167 4992
678 381 715 391 ..
762 344 891 427 671..

217 534 307 599 aliud
330 531 395 598 alii.
447 534 562 614 Itaque
587 531 626 597 de
655 531 701 598 eis
727 531 845 597 fabulis
867 531 1011 616 perditis,
1035 532 1076 598 de
1100 553 1233 615 quarum
1255 530 1353 598 actio-

214 637 308 702 nihus
331 636 409 702 nihil
432 635 593 720 proditum
616 642 674 720 est,
702 642 813 702 tacere
836 635 937 702 satius
960 635 1046 720 duxi,
1070 637 1259 729 praesertim
1282 656 1354 702 cum

217 741 257 807 de
282 739 466 806 Callistrato
490 745 546 805 aut
570 739 740 806 Philonide
762 739 842 804 nihil
865 739 1043 806 audiamus,

301 843 375 911 Noli
391 842 486 908 sodes
501 863 552 908 me
568 841 760 927 vituperare,
784 842 869 924 quod
886 843 1065 926 complures
1082 843 1353 927 quaestiunculas,

217 947 249 1013 in
279 954 423 1013 extrema
451 945 649 1031 potissimum
676 945 821 1030 opusculi
850 951 953 1030 parte,
985 945 1169 1029 adiecerim,
1197 946 1257 1012 etsi
1278 948 1354 1012 laxo

217 1057 340 1117 tantum
363 1050 489 1115 vinculo
513 1071 591 1114 cum.
608 1048 796 1132 quaestione
819 1049 919 1114 veluti
941 1049 1122 1134 principali,
1147 1071 1230 1133 quae
1247 1058 1296 1115 est
1312 1050 1353 1118 de

217 1154 401 1221 Callistrato
423 1151 455 1219 et
470 1152 648 1236 Philonide,
673 1151 856 1218 cohaerent.
887 1153 970 1219 Nam
987 1153 1136 1235 quoniam
1153 1153 1355 1219 Callistratus

217 1265 250 1324 et
272 1257 456 1323 Philonides
485 1257 517 1321 in
545 1256 707 1341 plerisque
730 1255 849 1321 tabulis
871 1254 1055 1321 nominandi
1079 1263 1180 1341 eraut,
1213 1257 1354 1342 disputa·

219 1362 313 1427 tionis
335 1361 451 1426 iustum
474 1366 625 1444 tenorem,
657 1358 711 1442 qui
735 1364 940 1443 convenerat,
963 1358 1194 1443 interrumpere
1211 1360 1302 1445 nolui
1323 1367 1355 1426 et

219 1466 259 1531 de
282 1485 476 1548 unaquaque
499 1465 626 1529 actione
649 1462 762 1548 paucis
786 1462 937 1546 disserui3
962 1469 1060 1546 atque
1083 1463 1136 1529 hic
1159 1471 1191 1529 ot
1211 1464 1277 1530 illic
1291 1485 1355 1529 non

217 1570 305 1634 nulla
338 1568 492 1654 probasse
524 1574 556 1633 et
581 1567 757 1632 illustrasse
786 1566 863 1631 mihi
892 1566 1015 1652 videor,
1045 1567 1191 1650 quamvis
1213 1556 1354 1634 breviter

218 1693 269 1738 res
302 1672 473 1756 tetigerim.
525 1672 620 1736 Hanc
652 1690 729 1735 vero
762 1670 955 1737 brevitatem
984 1670 1081 1736 velim
1107 1671 1184 1736 mihi
1210 1693 1274 1737 nou
1302 1693 1356 1738 ex-

218 1777 351 1861 probres
378 1775 410 1839 in
438 1775 535 1840 aliam
563 1779 704 1859 partem:
732 1794 808 1838 uam
835 1773 1017 1840 accuratius
1044 1775 1127 1842 hace
1157 1776 1263 1842 omnia
1285 1797 1356 1861 per·
1392 1764 1393 1767 ¹

219 1887 359 1947 tractare
383 1882 513 1964 longum
535 1879 604 1944 fuit.
649 1879 760 1962 Multa,
784 1898 868 1960 quae
891 1879 1006 1945 leviter
1027 1885 1152 1945 tanturn
1173 1879 1205 1944 in
1220 1881 1356 1947 transitu

218 2006 396 2054 memorare
418 1983 517 2069 potui,
542 1981 700 2068 posterius
722 1981 907 2076 aliquando,
930 1983 958 2048 si
981 1983 1031 2048 dis
1046 1983 1198 2068 placebit,
1222 2004 1355 2050 accura-

220 2089 283 2155 tius
305 2093 447 2154 tractare
470 2093 502 2154 et
524 2087 683 2154 illustrare
708 2086 858 2151 conabor.

613 2937 969 3072 Conspectus.
1001 3046 1003 3049 ,

301 3269 423 3324 Titulus.
596 3271 671 3327 Acta
690 3277 736 3327 est
754 3271 854 3327 fabula
1034 3270 1143 3326 Docuit

549 3455 586 3509 ol.
604 3456 647 3524 88,
664 3456 686 3509 l.

586 3542 646 3598 427.

263 3495 463 3550 Daetalenses.
824 3497 839 3551 ἶ)
991 3495 1183 3551 Callistratus.
1285 3494 1324 3548 19.

550 3679 586 3733 ol.
605 3679 647 3746 88,
660 3681 684 3733 2.
760 3679 908 3749 Dionysiis

586 3766 645 3820 426.
723 3747 726 3858 y
772 3765 891 3835 magnis.

549 3907 585 3960 ol.
603 3907 645 3970 88,
658 3905 683 3960 8.

585 3992 645 4046 425.
660 3995 665 4001 ”

221 4085 501 4096 --—-—..-..—-.
515 4091 717 4098 ,μὴ-...-

549 4129 585 4183 ol.
604 4131 646 4197 88,
657 4132 685 4183 4.

586 4215 646 4268 424.

281 3720 444 3790 Babylonii.
991 3720 1183 3776 Callistratus.
1282 3719 1324 3772 ar.
1399 3694 1400 3697 ‘

259 3943 469 4000 Acharncnses.
768 3947 900 4000 Lenaeis.
990 3944 1180 4000 Callistratus.
1282 3945 1323 3998 21.

296 4169 426 4239 Equites.
768 4172 901 4227 Lenaeis.
973 4168 1192 4239 Aristophanes.
1280 4171 1323 4238 46.¹
1400 4159 1402 4161 ’

220 4308 503 4320 ———..·———-——--

309 4392 416 4448 Nubes·
549 4352 586 4406 ol.
605 4353 647 4420 89,
663 4354 686 4406 1.
761 4353 909 4423 Dionysiis

587 4438 638 4492 423
773 4439 884 4510 magnis
997 4391 1175 4446 Philonides.
1281 4397 1324 4450 48.
