<?xml version="1.0" encoding="UTF-8"?>
<!DOCTYPE html PUBLIC "-//W3C//DTD XHTML 1.0 Transitional//EN"
    "http://www.w3.org/TR/xhtml1/DTD/xhtml1-transitional.dtd">
<html xmlns="http://www.w3.org/1999/xhtml" xml:lang="en" lang="en">
 <head>
  <title>
</title>
<meta http-equiv="Content-Type" content="text/html;charset=utf-8" />
  <meta name='ocr-system' content='tesseract 3.04.00' />
  <meta name='ocr-capabilities' content='ocr_page ocr_carea ocr_par ocr_line ocrx_word'/>
</head>
<body>
  <div class='ocr_page' id='page_1' title='image "./decallistratoet01briegoog_0028.png"; bbox 0 0 3167 4992; ppageno 0'>
   <div class='ocr_carea' id='block_1_1' title="bbox 700 366 961 432">
    <p class='ocr_par' dir='ltr' id='par_1_1' title="bbox 700 366 961 432">
     <span class='ocr_line' id='line_1_1' title="bbox 700 366 961 432; baseline 0 0"><span class='ocrx_word' id='word_1_1' title='bbox 700 366 961 432; x_wconf 78' lang='lat' dir='ltr'><strong>-ao-·</strong></span> 
     </span>
    </p>
   </div>
   <div class='ocr_carea' id='block_1_2' title="bbox 237 551 1372 950">
    <p class='ocr_par' dir='ltr' id='par_1_2' title="bbox 237 551 1372 950">
     <span class='ocr_line' id='line_1_2' title="bbox 238 551 1370 640; baseline -0.002 -20"><span class='ocrx_word' id='word_1_2' title='bbox 238 553 417 622; x_wconf 88' lang='lat' dir='ltr'><strong>abiudicari</strong></span> <span class='ocrx_word' id='word_1_3' title='bbox 439 575 503 620; x_wconf 93' lang='lat' dir='ltr'><strong>non</strong></span> <span class='ocrx_word' id='word_1_4' title='bbox 524 555 656 640; x_wconf 80' lang='lat' dir='ltr'><strong>possint.</strong></span> <span class='ocrx_word' id='word_1_5' title='bbox 702 554 782 621; x_wconf 84' lang='lat' dir='ltr'><strong>Sunt</strong></span> <span class='ocrx_word' id='word_1_6' title='bbox 805 555 860 636; x_wconf 90' lang='grc'><strong>001</strong></span> <span class='ocrx_word' id='word_1_7' title='bbox 881 554 928 620; x_wconf 86' lang='lat' dir='ltr'><strong>ita</strong></span> <span class='ocrx_word' id='word_1_8' title='bbox 950 553 1187 620; x_wconf 81' lang='lat' dir='ltr'><strong>ratiocinantur.</strong></span> <span class='ocrx_word' id='word_1_9' title='bbox 1208 551 1289 619; x_wconf 74' lang='lat' dir='ltr'><strong>&#39;Sed</strong></span> <span class='ocrx_word' id='word_1_10' title='bbox 1308 573 1370 636; x_wconf 92' lang='lat' dir='ltr'><strong>quo</strong></span> 
     </span>
     <span class='ocr_line' id='line_1_3' title="bbox 237 656 1372 739; baseline -0.001 -17"><span class='ocrx_word' id='word_1_11' title='bbox 237 657 304 724; x_wconf 91' lang='lat' dir='ltr'><strong>iure</strong></span> <span class='ocrx_word' id='word_1_12' title='bbox 327 659 534 724; x_wconf 91' lang='lat' dir='ltr'><strong>scholiastam</strong></span> <span class='ocrx_word' id='word_1_13' title='bbox 555 659 617 724; x_wconf 91' lang='lat' dir='ltr'><strong>hoc</strong></span> <span class='ocrx_word' id='word_1_14' title='bbox 639 659 710 737; x_wconf 87' lang='lat' dir='ltr'><strong>loco</strong></span> <span class='ocrx_word' id='word_1_15' title='bbox 734 658 774 723; x_wconf 89' lang='lat' dir='ltr'><strong>de</strong></span> <span class='ocrx_word' id='word_1_16' title='bbox 798 658 899 723; x_wconf 89' lang='lat' dir='ltr'><strong>tribus</strong></span> <span class='ocrx_word' id='word_1_17' title='bbox 914 657 1032 723; x_wconf 84' lang='lat' dir='ltr'><strong>fabulis</strong></span> <span class='ocrx_word' id='word_1_18' title='bbox 1047 663 1122 722; x_wconf 89' lang='lat' dir='ltr'><strong>ante</strong></span> <span class='ocrx_word' id='word_1_19' title='bbox 1137 657 1271 739; x_wconf 78' lang='lat' dir='ltr'><strong>Equites</strong></span> <span class='ocrx_word' id='word_1_20' title='bbox 1287 656 1372 721; x_wconf 88' lang='lat' dir='ltr'><strong>datis</strong></span> 
     </span>
     <span class='ocr_line' id='line_1_4' title="bbox 238 758 1372 846; baseline -0.003 -19"><span class='ocrx_word' id='word_1_21' title='bbox 238 762 398 844; x_wconf 76' lang='lat' dir='ltr'>cogitasse</span> <span class='ocrx_word' id='word_1_22' title='bbox 422 760 573 828; x_wconf 89' lang='lat' dir='ltr'><strong>contendi</strong></span> <span class='ocrx_word' id='word_1_23' title='bbox 595 762 725 846; x_wconf 80' lang='lat' dir='ltr'><strong>potest?</strong></span> <span class='ocrx_word' id='word_1_24' title='bbox 759 760 795 826; x_wconf 85' lang='lat' dir='ltr'><strong>si</strong></span> <span class='ocrx_word' id='word_1_25' title='bbox 817 762 935 826; x_wconf 91' lang='lat' dir='ltr'><strong>lemma</strong></span> <span class='ocrx_word' id='word_1_26' title='bbox 958 760 1217 844; x_wconf 89' lang='lat' dir='ltr'><strong>contemplamur,</strong></span> <span class='ocrx_word' id='word_1_27' title='bbox 1245 758 1372 824; x_wconf 85' lang='lat' dir='ltr'><strong>videtur</strong></span> 
     </span>
     <span class='ocr_line' id='line_1_5' title="bbox 237 863 1372 950; baseline -0.004 -19"><span class='ocrx_word' id='word_1_28' title='bbox 237 866 354 932; x_wconf 90' lang='lat' dir='ltr'><strong>dooere</strong></span> <span class='ocrx_word' id='word_1_29' title='bbox 384 865 532 950; x_wconf 90' lang='lat' dir='ltr'><strong>voluisse,</strong></span> <span class='ocrx_word' id='word_1_30' title='bbox 568 885 727 948; x_wconf 83' lang='lat' dir='ltr'>quaenam</span> <span class='ocrx_word' id='word_1_31' title='bbox 755 864 852 931; x_wconf 88' lang='lat' dir='ltr'><strong>fuerit</strong></span> <span class='ocrx_word' id='word_1_32' title='bbox 879 864 935 929; x_wconf 90' lang='lat' dir='ltr'><strong>illa</strong></span> <span class='ocrx_word' id='word_1_33' title='bbox 963 863 1028 929; x_wconf 91' lang='lat' dir='ltr'><strong>alia</strong></span> <span class='ocrx_word' id='word_1_34' title='bbox 1056 864 1174 948; x_wconf 92' lang='lat' dir='ltr'><strong>puella,</strong></span> <span class='ocrx_word' id='word_1_35' title='bbox 1209 883 1306 945; x_wconf 87' lang='lat' dir='ltr'><strong>quarn</strong></span> <span class='ocrx_word' id='word_1_36' title='bbox 1327 863 1372 926; x_wconf 91' lang='lat' dir='ltr'><strong>in-</strong></span> 
     </span>
    </p>
   </div>
   <div class='ocr_carea' id='block_1_3' title="bbox 138 966 1371 1054">
    <p class='ocr_par' dir='ltr' id='par_1_3' title="bbox 138 966 1371 1054">
     <span class='ocr_line' id='line_1_6' title="bbox 138 966 1371 1054; baseline -0.001 -22"><span class='ocrx_word' id='word_1_37' title='bbox 138 999 149 1003; x_wconf 95' lang='lat'><strong>··</strong></span> <span class='ocrx_word' id='word_1_38' title='bbox 236 969 343 1035; x_wconf 88' lang='lat' dir='ltr'><strong>fantes</strong></span> <span class='ocrx_word' id='word_1_39' title='bbox 371 969 534 1054; x_wconf 84' lang='lat' dir='ltr'><strong>expositos</strong></span> <span class='ocrx_word' id='word_1_40' title='bbox 566 1007 602 1015; x_wconf 86' lang='lat'><em>-</em></span> <span class='ocrx_word' id='word_1_41' title='bbox 635 968 881 1034; x_wconf 88' lang='lat' dir='ltr'><strong>Daetalensinm</strong></span> <span class='ocrx_word' id='word_1_42' title='bbox 909 968 990 1032; x_wconf 91' lang='lat' dir='ltr'><strong>duas</strong></span> <span class='ocrx_word' id='word_1_43' title='bbox 1016 987 1170 1052; x_wconf 78' lang='lat' dir='ltr'><strong>personas</strong></span> <span class='ocrx_word' id='word_1_44' title='bbox 1200 966 1371 1052; x_wconf 86' lang='lat' dir='ltr'><strong>principes,</strong></span> 
     </span>
    </p>
   </div>
   <div class='ocr_carea' id='block_1_4' title="bbox 174 1069 1400 3950">
    <p class='ocr_par' dir='ltr' id='par_1_4' title="bbox 235 1069 1373 1157">
     <span class='ocr_line' id='line_1_7' title="bbox 235 1069 1373 1157; baseline -0.004 -19"><span class='ocrx_word' id='word_1_45' title='bbox 235 1073 266 1138; x_wconf 95' lang='lat' dir='ltr'><strong>h.</strong></span> <span class='ocrx_word' id='word_1_46' title='bbox 292 1095 320 1138; x_wconf 90' lang='lat' dir='ltr'><strong>e.</strong></span> <span class='ocrx_word' id='word_1_47' title='bbox 344 1072 448 1157; x_wconf 84' lang='lat' dir='ltr'><strong>ipsam</strong></span> <span class='ocrx_word' id='word_1_48' title='bbox 471 1071 670 1138; x_wconf 89' lang='lat' dir='ltr'><strong>comoediam</strong></span> <span class='ocrx_word' id='word_1_49' title='bbox 694 1109 731 1118; x_wconf 88' lang='lat'><strong>-</strong></span> <span class='ocrx_word' id='word_1_50' title='bbox 756 1070 918 1155; x_wconf 78' lang='lat' dir='ltr'><strong>recepisse</strong></span> <span class='ocrx_word' id='word_1_51' title='bbox 940 1077 1038 1154; x_wconf 89' lang='lat' dir='ltr'><strong>poeta</strong></span> <span class='ocrx_word' id='word_1_52' title='bbox 1061 1070 1186 1135; x_wconf 87' lang='lat' dir='ltr'><strong>dixerit.</strong></span> <span class='ocrx_word' id='word_1_53' title='bbox 1225 1069 1318 1148; x_wconf 85' lang='lat' dir='ltr'><strong>Quod</strong></span> <span class='ocrx_word' id='word_1_54' title='bbox 1338 1075 1373 1134; x_wconf 91' lang='lat' dir='ltr'><strong>ut</strong></span> 
     </span>
    </p>

    <p class='ocr_par' dir='ltr' id='par_1_5' title="bbox 237 1173 1371 1261">
     <span class='ocr_line' id='line_1_8' title="bbox 237 1173 1371 1261; baseline -0.003 -19"><span class='ocrx_word' id='word_1_55' title='bbox 237 1177 364 1261; x_wconf 82' lang='lat' dir='ltr'><strong>doceat,</strong></span> <span class='ocrx_word' id='word_1_56' title='bbox 398 1177 508 1242; x_wconf 78' lang='lat' dir='ltr'><strong>scribit</strong></span> <span class='ocrx_word' id='word_1_57' title='bbox 542 1174 722 1260; x_wconf 77' lang='grc' dir='ltr'><strong><em>Φιλωνίδης</em></strong></span> <span class='ocrx_word' id='word_1_58' title='bbox 750 1174 1079 1260; x_wconf 71' lang='grc' dir='ltr'><strong><em>καὶΚαλλίστρατος.</em></strong></span> <span class='ocrx_word' id='word_1_59' title='bbox 1124 1174 1191 1239; x_wconf 81' lang='lat' dir='ltr'><strong>Sed</strong></span> <span class='ocrx_word' id='word_1_60' title='bbox 1213 1173 1274 1240; x_wconf 86' lang='lat' dir='ltr'><strong>hoc</strong></span> <span class='ocrx_word' id='word_1_61' title='bbox 1301 1194 1371 1240; x_wconf 80' lang='lat' dir='ltr'><strong>esse</strong></span> 
     </span>
    </p>

    <p class='ocr_par' dir='ltr' id='par_1_6' title="bbox 234 1275 1373 1365">
     <span class='ocr_line' id='line_1_9' title="bbox 234 1275 1373 1365; baseline -0.004 -21"><span class='ocrx_word' id='word_1_62' title='bbox 234 1279 424 1365; x_wconf 88' lang='lat' dir='ltr'><strong>ineptissimi</strong></span> <span class='ocrx_word' id='word_1_63' title='bbox 452 1279 521 1362; x_wconf 91' lang='lat' dir='ltr'><strong>quis</strong></span> <span class='ocrx_word' id='word_1_64' title='bbox 549 1300 612 1344; x_wconf 89' lang='lat' dir='ltr'><strong>non</strong></span> <span class='ocrx_word' id='word_1_65' title='bbox 639 1279 811 1361; x_wconf 80' lang='lat' dir='ltr'><strong>intelligit?</strong></span> <span class='ocrx_word' id='word_1_66' title='bbox 854 1278 916 1356; x_wconf 80' lang='lat' dir='ltr'><strong>Qui</strong></span> <span class='ocrx_word' id='word_1_67' title='bbox 943 1277 1011 1344; x_wconf 92' lang='lat' dir='ltr'><strong>fieri</strong></span> <span class='ocrx_word' id='word_1_68' title='bbox 1039 1284 1154 1363; x_wconf 88' lang='lat' dir='ltr'><strong>potest,</strong></span> <span class='ocrx_word' id='word_1_69' title='bbox 1185 1284 1220 1342; x_wconf 91' lang='lat' dir='ltr'><strong>ut</strong></span> <span class='ocrx_word' id='word_1_70' title='bbox 1241 1277 1260 1362; x_wconf 79' lang='grc' dir='ltr'><em>ἡ</em></span> <span class='ocrx_word' id='word_1_71' title='bbox 1281 1275 1373 1363; x_wconf 83' lang='grc' dir='ltr'><strong><em>ἑτέρα</em></strong></span> 
     </span>
    </p>

    <p class='ocr_par' dir='ltr' id='par_1_7' title="bbox 235 1381 1387 1571">
     <span class='ocr_line' id='line_1_10' title="bbox 236 1381 1387 1467; baseline -0.002 -19"><span class='ocrx_word' id='word_1_72' title='bbox 236 1393 317 1458; x_wconf 81' lang='grc' dir='ltr'><strong><em>παῖς</em></strong></span> <span class='ocrx_word' id='word_1_73' title='bbox 339 1383 402 1448; x_wconf 92' lang='lat' dir='ltr'><strong>duo</strong></span> <span class='ocrx_word' id='word_1_74' title='bbox 425 1383 497 1467; x_wconf 88' lang='lat' dir='ltr'><strong>sint,</strong></span> <span class='ocrx_word' id='word_1_75' title='bbox 519 1382 705 1448; x_wconf 82' lang='lat' dir='ltr'><strong>Philonides</strong></span> <span class='ocrx_word' id='word_1_76' title='bbox 725 1389 758 1448; x_wconf 88' lang='lat' dir='ltr'><strong>et</strong></span> <span class='ocrx_word' id='word_1_77' title='bbox 773 1383 1000 1448; x_wconf 78' lang='lat' dir='ltr'><strong>Callistratus?</strong></span> <span class='ocrx_word' id='word_1_78' title='bbox 1035 1382 1169 1447; x_wconf 89' lang='lat' dir='ltr'><strong>Videtur</strong></span> <span class='ocrx_word' id='word_1_79' title='bbox 1184 1381 1387 1447; x_wconf 85' lang='lat' dir='ltr'><strong>scholiastes-</strong></span> 
     </span>
     <span class='ocr_line' id='line_1_11' title="bbox 235 1484 1371 1571; baseline -0.002 -19"><span class='ocrx_word' id='word_1_80' title='bbox 235 1508 299 1553; x_wconf 90' lang='lat' dir='ltr'><strong>non</strong></span> <span class='ocrx_word' id='word_1_81' title='bbox 320 1487 355 1552; x_wconf 92' lang='lat' dir='ltr'><strong>id</strong></span> <span class='ocrx_word' id='word_1_82' title='bbox 378 1487 493 1571; x_wconf 83' lang='lat' dir='ltr'><strong>egisse,</strong></span> <span class='ocrx_word' id='word_1_83' title='bbox 523 1493 558 1553; x_wconf 89' lang='lat' dir='ltr'><strong>ut</strong></span> <span class='ocrx_word' id='word_1_84' title='bbox 580 1486 825 1552; x_wconf 86' lang='lat' dir='ltr'><strong>Daetalensinm</strong></span> <span class='ocrx_word' id='word_1_85' title='bbox 846 1486 1034 1570; x_wconf 81' lang='lat' dir='ltr'><strong>magistrum</strong></span> <span class='ocrx_word' id='word_1_86' title='bbox 1055 1486 1248 1568; x_wconf 73' lang='lat' dir='ltr'><strong>nominaret3</strong></span> <span class='ocrx_word' id='word_1_87' title='bbox 1277 1484 1371 1550; x_wconf 94' lang='lat' dir='ltr'><strong>immo</strong></span> 
     </span>
    </p>

    <p class='ocr_par' dir='ltr' id='par_1_8' title="bbox 234 1588 1372 1674">
     <span class='ocr_line' id='line_1_12' title="bbox 234 1588 1372 1674; baseline -0.004 -17"><span class='ocrx_word' id='word_1_88' title='bbox 234 1611 344 1657; x_wconf 89' lang='lat' dir='ltr'><strong>eorum</strong></span> <span class='ocrx_word' id='word_1_89' title='bbox 358 1589 496 1674; x_wconf 90' lang='lat' dir='ltr'><strong>nomina,</strong></span> <span class='ocrx_word' id='word_1_90' title='bbox 514 1611 592 1672; x_wconf 90' lang='lat' dir='ltr'><strong>quos</strong></span> <span class='ocrx_word' id='word_1_91' title='bbox 608 1590 736 1656; x_wconf 87' lang='lat' dir='ltr'><strong>fabulas</strong></span> <span class='ocrx_word' id='word_1_92' title='bbox 747 1590 1001 1674; x_wconf 87' lang='lat' dir='ltr'><strong>Aristophaneas</strong></span> <span class='ocrx_word' id='word_1_93' title='bbox 1016 1589 1146 1673; x_wconf 88' lang='lat' dir='ltr'><strong>saepius</strong></span> <span class='ocrx_word' id='word_1_94' title='bbox 1160 1588 1194 1653; x_wconf 92' lang='lat' dir='ltr'><strong>in</strong></span> <span class='ocrx_word' id='word_1_95' title='bbox 1210 1595 1372 1653; x_wconf 88' lang='lat' dir='ltr'><strong>certamen</strong></span> 
     </span>
    </p>

    <p class='ocr_par' dir='ltr' id='par_1_9' title="bbox 174 1692 1399 1882">
     <span class='ocr_line' id='line_1_13' title="bbox 236 1692 1399 1784; baseline -0.003 -25"><span class='ocrx_word' id='word_1_96' title='bbox 236 1692 430 1760; x_wconf 90' lang='lat' dir='ltr'><strong>commisisse</strong></span> <span class='ocrx_word' id='word_1_97' title='bbox 453 1694 586 1777; x_wconf 86' lang='lat' dir='ltr'><strong>sciebat,</strong></span> <span class='ocrx_word' id='word_1_98' title='bbox 611 1695 727 1761; x_wconf 88' lang='lat' dir='ltr'><strong>afferre</strong></span> <span class='ocrx_word' id='word_1_99' title='bbox 750 1694 830 1759; x_wconf 89' lang='lat' dir='ltr'><strong>satis</strong></span> <span class='ocrx_word' id='word_1_100' title='bbox 852 1694 973 1759; x_wconf 86' lang='lat' dir='ltr'><strong>habuit.</strong></span> <span class='ocrx_word' id='word_1_101' title='bbox 1005 1693 1399 1784; x_wconf 55' lang='grc' dir='ltr'><strong>0011100000010001,Ἢ</strong></span> 
     </span>
     <span class='ocr_line' id='line_1_14' title="bbox 174 1785 1371 1882; baseline -0.003 -19"><span class='ocrx_word' id='word_1_102' title='bbox 174 1785 177 1790; x_wconf 63' lang='grc'><strong>’</strong></span> <span class='ocrx_word' id='word_1_103' title='bbox 235 1803 400 1863; x_wconf 78' lang='lat' dir='ltr'><strong>succurrat</strong></span> <span class='ocrx_word' id='word_1_104' title='bbox 428 1797 505 1862; x_wconf 87' lang='lat' dir='ltr'><strong>lieet</strong></span> <span class='ocrx_word' id='word_1_105' title='bbox 532 1797 741 1880; x_wconf 78' lang='lat' dir='ltr'><strong>grammatino</strong></span> <span class='ocrx_word' id='word_1_106' title='bbox 772 1797 915 1877; x_wconf 84' lang='lat' dir='ltr'><strong>scribens</strong></span> <span class='ocrx_word' id='word_1_107' title='bbox 943 1799 962 1882; x_wconf 80' lang='grc' dir='ltr'><em>ἢ</em></span> <span class='ocrx_word' id='word_1_108' title='bbox 989 1818 1047 1881; x_wconf 87' lang='grc'><strong>010</strong></span> <span class='ocrx_word' id='word_1_109' title='bbox 1074 1800 1139 1870; x_wconf 81' lang='grc' dir='ltr'><strong><em>καί,</em></strong></span> <span class='ocrx_word' id='word_1_110' title='bbox 1170 1795 1217 1860; x_wconf 91' lang='lat' dir='ltr'><strong>ita</strong></span> <span class='ocrx_word' id='word_1_111' title='bbox 1244 1801 1279 1859; x_wconf 92' lang='lat' dir='ltr'><strong>ut</strong></span> <span class='ocrx_word' id='word_1_112' title='bbox 1302 1794 1371 1879; x_wconf 89' lang='lat' dir='ltr'><strong>ipse</strong></span> 
     </span>
    </p>

    <p class='ocr_par' dir='ltr' id='par_1_10' title="bbox 234 1899 1371 1984">
     <span class='ocr_line' id='line_1_15' title="bbox 234 1899 1371 1984; baseline -0.003 -18"><span class='ocrx_word' id='word_1_113' title='bbox 234 1900 361 1968; x_wconf 86' lang='lat' dir='ltr'><strong>nescius</strong></span> <span class='ocrx_word' id='word_1_114' title='bbox 373 1900 405 1965; x_wconf 93' lang='lat' dir='ltr'><strong>in</strong></span> <span class='ocrx_word' id='word_1_115' title='bbox 417 1900 514 1966; x_wconf 92' lang='lat' dir='ltr'><strong>dubio</strong></span> <span class='ocrx_word' id='word_1_116' title='bbox 525 1900 698 1984; x_wconf 86' lang='lat' dir='ltr'><strong>reliquerit,</strong></span> <span class='ocrx_word' id='word_1_117' title='bbox 712 1906 783 1966; x_wconf 92' lang='lat' dir='ltr'><strong>uter</strong></span> <span class='ocrx_word' id='word_1_118' title='bbox 795 1901 1009 1966; x_wconf 87' lang='lat' dir='ltr'><strong>Daetalenses</strong></span> <span class='ocrx_word' id='word_1_119' title='bbox 1022 1899 1175 1966; x_wconf 88' lang='lat' dir='ltr'><strong>docuerit.</strong></span> <span class='ocrx_word' id='word_1_120' title='bbox 1191 1899 1371 1979; x_wconf 90' lang='lat' dir='ltr'><strong>Utcumque</strong></span> 
     </span>
    </p>

    <p class='ocr_par' dir='ltr' id='par_1_11' title="bbox 234 2003 1372 2089">
     <span class='ocr_line' id='line_1_16' title="bbox 234 2003 1372 2089; baseline -0.001 -20"><span class='ocrx_word' id='word_1_121' title='bbox 234 2024 286 2069; x_wconf 89' lang='lat' dir='ltr'><strong>res</strong></span> <span class='ocrx_word' id='word_1_122' title='bbox 309 2024 343 2069; x_wconf 91' lang='lat' dir='ltr'><strong>se</strong></span> <span class='ocrx_word' id='word_1_123' title='bbox 366 2004 475 2089; x_wconf 89' lang='lat' dir='ltr'><strong>habet,</strong></span> <span class='ocrx_word' id='word_1_124' title='bbox 506 2004 591 2069; x_wconf 92' lang='lat' dir='ltr'><strong>nullo</strong></span> <span class='ocrx_word' id='word_1_125' title='bbox 619 2005 713 2069; x_wconf 92' lang='lat' dir='ltr'><strong>modo</strong></span> <span class='ocrx_word' id='word_1_126' title='bbox 738 2005 902 2088; x_wconf 86' lang='lat' dir='ltr'><strong>contingit,</strong></span> <span class='ocrx_word' id='word_1_127' title='bbox 931 2011 966 2070; x_wconf 90' lang='lat' dir='ltr'><strong>ut</strong></span> <span class='ocrx_word' id='word_1_128' title='bbox 988 2025 1029 2070; x_wconf 89' lang='lat' dir='ltr'><strong>ex</strong></span> <span class='ocrx_word' id='word_1_129' title='bbox 1050 2003 1100 2069; x_wconf 92' lang='lat' dir='ltr'><strong>his</strong></span> <span class='ocrx_word' id='word_1_130' title='bbox 1122 2003 1229 2069; x_wconf 86' lang='lat' dir='ltr'><strong>verbis</strong></span> <span class='ocrx_word' id='word_1_131' title='bbox 1251 2004 1372 2068; x_wconf 89' lang='lat' dir='ltr'><strong>Daeta-</strong></span> 
     </span>
    </p>

    <p class='ocr_par' dir='ltr' id='par_1_12' title="bbox 234 2091 1154 2190">
     <span class='ocr_line' id='line_1_17' title="bbox 234 2091 1154 2190; baseline 0.001 -18"><span class='ocrx_word' id='word_1_132' title='bbox 234 2107 369 2172; x_wconf 85' lang='lat' dir='ltr'><strong>lensinm</strong></span> <span class='ocrx_word' id='word_1_133' title='bbox 390 2106 545 2190; x_wconf 81' lang='lat' dir='ltr'><strong>magister</strong></span> <span class='ocrx_word' id='word_1_134' title='bbox 568 2114 697 2173; x_wconf 89' lang='lat' dir='ltr'><strong>eruatur</strong></span> <span class='ocrx_word' id='word_1_135' title='bbox 711 2105 906 2174; x_wconf 90' lang='lat' dir='ltr'><strong>Philonides.</strong></span> <span class='ocrx_word' id='word_1_136' title='bbox 1150 2091 1154 2096; x_wconf 35' lang='lat'>²</span> 
     </span>
    </p>

    <p class='ocr_par' dir='ltr' id='par_1_13' title="bbox 232 2202 1373 3536">
     <span class='ocr_line' id='line_1_18' title="bbox 321 2202 1371 2296; baseline -0.002 -20"><span class='ocrx_word' id='word_1_137' title='bbox 321 2209 414 2288; x_wconf 76' lang='lat' dir='ltr'><strong>cuod</strong></span> <span class='ocrx_word' id='word_1_138' title='bbox 444 2210 485 2276; x_wconf 90' lang='lat' dir='ltr'><strong>de</strong></span> <span class='ocrx_word' id='word_1_139' title='bbox 513 2211 575 2276; x_wconf 95' lang='lat' dir='ltr'><strong>hoc</strong></span> <span class='ocrx_word' id='word_1_140' title='bbox 603 2210 724 2276; x_wconf 90' lang='lat' dir='ltr'><strong>scholio</strong></span> <span class='ocrx_word' id='word_1_141' title='bbox 753 2211 965 2296; x_wconf 84' lang='lat' dir='ltr'><strong>exposuimus,</strong></span> <span class='ocrx_word' id='word_1_142' title='bbox 997 2202 1082 2276; x_wconf 83' lang='lat' dir='ltr'><strong>idem</strong></span> <span class='ocrx_word' id='word_1_143' title='bbox 1108 2212 1196 2276; x_wconf 87' lang='lat' dir='ltr'><strong>valet</strong></span> <span class='ocrx_word' id='word_1_144' title='bbox 1217 2210 1250 2274; x_wconf 91' lang='lat' dir='ltr'><strong>in</strong></span> <span class='ocrx_word' id='word_1_145' title='bbox 1273 2209 1371 2293; x_wconf 90' lang='lat' dir='ltr'><strong>aliud,</strong></span> 
     </span>
     <span class='ocr_line' id='line_1_19' title="bbox 235 2312 1370 2398; baseline -0.004 -18"><span class='ocrx_word' id='word_1_146' title='bbox 235 2312 321 2396; x_wconf 90' lang='lat' dir='ltr'><strong>quod</strong></span> <span class='ocrx_word' id='word_1_147' title='bbox 354 2312 471 2396; x_wconf 85' lang='lat' dir='ltr'><strong>legitur</strong></span> <span class='ocrx_word' id='word_1_148' title='bbox 505 2314 548 2378; x_wconf 92' lang='lat' dir='ltr'><strong>ad</strong></span> <span class='ocrx_word' id='word_1_149' title='bbox 576 2315 672 2398; x_wconf 89' lang='lat' dir='ltr'><strong>Vesp.</strong></span> <span class='ocrx_word' id='word_1_150' title='bbox 701 2335 747 2380; x_wconf 90' lang='lat' dir='ltr'><strong>vs.</strong></span> <span class='ocrx_word' id='word_1_151' title='bbox 780 2315 878 2380; x_wconf 84' lang='lat'>1018:</span> <span class='ocrx_word' id='word_1_152' title='bbox 921 2313 1074 2377; x_wconf 83' lang='grc' dir='ltr'><strong><em>...διὰ</em></strong></span> <span class='ocrx_word' id='word_1_153' title='bbox 1106 2313 1291 2378; x_wconf 77' lang='grc' dir='ltr'><strong><em>Φιλωνίδου</em></strong></span> <span class='ocrx_word' id='word_1_154' title='bbox 1317 2314 1370 2375; x_wconf 81' lang='grc' dir='ltr'><strong><em>καὶ</em></strong></span> 
     </span>
     <span class='ocr_line' id='line_1_20' title="bbox 234 2415 1372 2504; baseline -0.002 -24"><span class='ocrx_word' id='word_1_155' title='bbox 234 2415 474 2501; x_wconf 77' lang='grc' dir='ltr'><strong><em>Καλλιστράτου</em></strong></span> <span class='ocrx_word' id='word_1_156' title='bbox 498 2420 607 2480; x_wconf 70' lang='grc' dir='ltr'><strong><em>καθίει</em></strong></span> <span class='ocrx_word' id='word_1_157' title='bbox 630 2419 788 2483; x_wconf 77' lang='grc' dir='ltr'><strong><em>τινὰτῶν</em></strong></span> <span class='ocrx_word' id='word_1_158' title='bbox 812 2418 995 2504; x_wconf 81' lang='grc' dir='ltr'><strong><em>δραμάτων.</em></strong></span> <span class='ocrx_word' id='word_1_159' title='bbox 1030 2421 1162 2504; x_wconf 74' lang='grc' dir='ltr'><strong><em>πρῶτον</em></strong></span> <span class='ocrx_word' id='word_1_160' title='bbox 1183 2417 1245 2500; x_wconf 80' lang='grc' dir='ltr'><strong>γὰρ</strong></span> <span class='ocrx_word' id='word_1_161' title='bbox 1262 2416 1372 2502; x_wconf 81' lang='grc' dir='ltr'><strong><em>δρᾶμα</em></strong></span> 
     </span>
     <span class='ocr_line' id='line_1_21' title="bbox 235 2517 1372 2606; baseline 0.004 -22"><span class='ocrx_word' id='word_1_162' title='bbox 235 2520 279 2584; x_wconf 73' lang='grc' dir='ltr'><strong><em>δι’</em></strong></span> <span class='ocrx_word' id='word_1_163' title='bbox 301 2517 420 2586; x_wconf 79' lang='grc' dir='ltr'><strong><em>ἑαυτοῦ</em></strong></span> <span class='ocrx_word' id='word_1_164' title='bbox 441 2524 565 2606; x_wconf 72' lang='grc' dir='ltr'><strong><em>καθῆκε</em></strong></span> <span class='ocrx_word' id='word_1_165' title='bbox 588 2521 663 2595; x_wconf 85' lang='grc' dir='ltr'><strong>τούς</strong></span> <span class='ocrx_word' id='word_1_166' title='bbox 686 2522 832 2596; x_wconf 82' lang='grc' dir='ltr'><strong><em>Ἱππέας.</em></strong></span> <span class='ocrx_word' id='word_1_167' title='bbox 876 2523 984 2588; x_wconf 85' lang='lat' dir='ltr'><strong>Etiam</strong></span> <span class='ocrx_word' id='word_1_168' title='bbox 1005 2522 1068 2587; x_wconf 86' lang='lat' dir='ltr'><strong>hoc</strong></span> <span class='ocrx_word' id='word_1_169' title='bbox 1090 2523 1161 2588; x_wconf 87' lang='lat' dir='ltr'><strong>loco</strong></span> <span class='ocrx_word' id='word_1_170' title='bbox 1183 2521 1262 2586; x_wconf 91' lang='lat' dir='ltr'><strong>nihil</strong></span> <span class='ocrx_word' id='word_1_171' title='bbox 1284 2521 1372 2588; x_wconf 84' lang='lat' dir='ltr'><strong>vide-</strong></span> 
     </span>
     <span class='ocr_line' id='line_1_22' title="bbox 232 2623 1371 2711; baseline 0.002 -23"><span class='ocrx_word' id='word_1_172' title='bbox 232 2623 310 2690; x_wconf 89' lang='lat' dir='ltr'><strong>licet</strong></span> <span class='ocrx_word' id='word_1_173' title='bbox 331 2624 452 2690; x_wconf 88' lang='lat' dir='ltr'><strong>studuit</strong></span> <span class='ocrx_word' id='word_1_174' title='bbox 474 2625 663 2690; x_wconf 82' lang='lat' dir='ltr'><strong>scholiastes</strong></span> <span class='ocrx_word' id='word_1_175' title='bbox 684 2625 745 2690; x_wconf 90' lang='lat' dir='ltr'><strong>nisi</strong></span> <span class='ocrx_word' id='word_1_176' title='bbox 768 2633 804 2691; x_wconf 89' lang='lat' dir='ltr'><strong>ut</strong></span> <span class='ocrx_word' id='word_1_177' title='bbox 826 2646 891 2711; x_wconf 90' lang='lat' dir='ltr'><strong>eos,</strong></span> <span class='ocrx_word' id='word_1_178' title='bbox 916 2647 995 2708; x_wconf 90' lang='lat' dir='ltr'><strong>quos</strong></span> <span class='ocrx_word' id='word_1_179' title='bbox 1016 2627 1133 2692; x_wconf 89' lang='lat' dir='ltr'><strong>dooere</strong></span> <span class='ocrx_word' id='word_1_180' title='bbox 1148 2625 1371 2709; x_wconf 89' lang='lat' dir='ltr'><strong>Aristophanis</strong></span> 
     </span>
     <span class='ocr_line' id='line_1_23' title="bbox 234 2726 1372 2814; baseline 0.004 -23"><span class='ocrx_word' id='word_1_181' title='bbox 234 2726 418 2792; x_wconf 80' lang='lat' dir='ltr'><strong>comoedias</strong></span> <span class='ocrx_word' id='word_1_182' title='bbox 441 2727 550 2796; x_wconf 90' lang='lat' dir='ltr'><strong>solitos</strong></span> <span class='ocrx_word' id='word_1_183' title='bbox 571 2748 641 2794; x_wconf 90' lang='lat' dir='ltr'><strong>esse</strong></span> <span class='ocrx_word' id='word_1_184' title='bbox 658 2729 838 2813; x_wconf 87' lang='lat' dir='ltr'><strong>constabat,</strong></span> <span class='ocrx_word' id='word_1_185' title='bbox 862 2729 1040 2796; x_wconf 90' lang='lat' dir='ltr'><strong>nominaret</strong></span> <span class='ocrx_word' id='word_1_186' title='bbox 1055 2737 1232 2814; x_wconf 90' lang='lat' dir='ltr'><strong>temporum</strong></span> <span class='ocrx_word' id='word_1_187' title='bbox 1246 2729 1372 2795; x_wconf 90' lang='lat' dir='ltr'><strong>ratione</strong></span> 
     </span>
     <span class='ocr_line' id='line_1_24' title="bbox 233 2831 1371 2918; baseline 0.003 -23"><span class='ocrx_word' id='word_1_188' title='bbox 233 2831 330 2914; x_wconf 91' lang='lat' dir='ltr'><strong>plane</strong></span> <span class='ocrx_word' id='word_1_189' title='bbox 353 2832 514 2914; x_wconf 85' lang='lat' dir='ltr'><strong>neglecta,</strong></span> <span class='ocrx_word' id='word_1_190' title='bbox 539 2851 637 2912; x_wconf 90' lang='lat' dir='ltr'><strong>quare</strong></span> <span class='ocrx_word' id='word_1_191' title='bbox 654 2831 864 2916; x_wconf 89' lang='lat' dir='ltr'><strong>Philonidem,</strong></span> <span class='ocrx_word' id='word_1_192' title='bbox 889 2832 1007 2918; x_wconf 91' lang='lat' dir='ltr'><strong>quippe</strong></span> <span class='ocrx_word' id='word_1_193' title='bbox 1031 2833 1120 2898; x_wconf 90' lang='lat' dir='ltr'><strong>ouius</strong></span> <span class='ocrx_word' id='word_1_194' title='bbox 1135 2852 1250 2898; x_wconf 91' lang='lat' dir='ltr'><strong>nomen</strong></span> <span class='ocrx_word' id='word_1_195' title='bbox 1265 2831 1371 2916; x_wconf 90' lang='lat' dir='ltr'><strong>priore</strong></span> 
     </span>
     <span class='ocr_line' id='line_1_25' title="bbox 234 2933 1373 3018; baseline 0 -18"><span class='ocrx_word' id='word_1_196' title='bbox 234 2936 306 3000; x_wconf 90' lang='lat' dir='ltr'><strong>loco</strong></span> <span class='ocrx_word' id='word_1_197' title='bbox 330 2933 469 3018; x_wconf 91' lang='lat' dir='ltr'><strong>positum</strong></span> <span class='ocrx_word' id='word_1_198' title='bbox 491 2934 541 3018; x_wconf 91' lang='lat' dir='ltr'><strong>sit,</strong></span> <span class='ocrx_word' id='word_1_199' title='bbox 564 2935 779 3002; x_wconf 88' lang='lat' dir='ltr'><strong>Daetalenses</strong></span> <span class='ocrx_word' id='word_1_200' title='bbox 803 2936 997 3002; x_wconf 89' lang='lat' dir='ltr'><strong>commisisse</strong></span> <span class='ocrx_word' id='word_1_201' title='bbox 1021 2958 1062 3002; x_wconf 88' lang='lat' dir='ltr'><strong>ex</strong></span> <span class='ocrx_word' id='word_1_202' title='bbox 1084 2935 1146 3002; x_wconf 90' lang='lat' dir='ltr'><strong>hoc</strong></span> <span class='ocrx_word' id='word_1_203' title='bbox 1167 2935 1289 3003; x_wconf 86' lang='lat' dir='ltr'><strong>scholio</strong></span> <span class='ocrx_word' id='word_1_204' title='bbox 1310 2937 1373 3000; x_wconf 87' lang='lat' dir='ltr'><strong>ool-</strong></span> 
     </span>
     <span class='ocr_line' id='line_1_26' title="bbox 233 3033 1372 3125; baseline 0.003 -23"><span class='ocrx_word' id='word_1_205' title='bbox 233 3037 335 3119; x_wconf 83' lang='lat' dir='ltr'><strong>ligere</strong></span> <span class='ocrx_word' id='word_1_206' title='bbox 366 3057 429 3102; x_wconf 90' lang='lat' dir='ltr'><strong>non</strong></span> <span class='ocrx_word' id='word_1_207' title='bbox 451 3033 537 3104; x_wconf 88' lang='lat' dir='ltr'><strong>licet.</strong></span> <span class='ocrx_word' id='word_1_208' title='bbox 587 3038 637 3102; x_wconf 88' lang='lat' dir='ltr'><strong>Ex</strong></span> <span class='ocrx_word' id='word_1_209' title='bbox 660 3039 781 3125; x_wconf 90' lang='lat' dir='ltr'><strong>ordine,</strong></span> <span class='ocrx_word' id='word_1_210' title='bbox 814 3060 876 3121; x_wconf 91' lang='grc'><strong>000</strong></span> <span class='ocrx_word' id='word_1_211' title='bbox 898 3040 1028 3106; x_wconf 86' lang='grc'>0001100</span> <span class='ocrx_word' id='word_1_212' title='bbox 1050 3039 1172 3125; x_wconf 90' lang='lat' dir='ltr'><strong>scripta</strong></span> <span class='ocrx_word' id='word_1_213' title='bbox 1193 3039 1265 3122; x_wconf 89' lang='lat' dir='ltr'><strong>sint,</strong></span> <span class='ocrx_word' id='word_1_214' title='bbox 1293 3039 1372 3105; x_wconf 93' lang='lat' dir='ltr'><strong>nihil</strong></span> 
     </span>
     <span class='ocr_line' id='line_1_27' title="bbox 234 3139 1371 3234; baseline 0.004 -30"><span class='ocrx_word' id='word_1_215' title='bbox 234 3139 275 3204; x_wconf 90' lang='lat' dir='ltr'><strong>de</strong></span> <span class='ocrx_word' id='word_1_216' title='bbox 309 3145 452 3234; x_wconf 78' lang='lat' dir='ltr'><strong>tempore</strong></span> <span class='ocrx_word' id='word_1_217' title='bbox 487 3140 690 3206; x_wconf 81' lang='lat' dir='ltr'><strong>efficiendum</strong></span> <span class='ocrx_word' id='word_1_218' title='bbox 724 3163 794 3208; x_wconf 89' lang='lat' dir='ltr'><strong>esse</strong></span> <span class='ocrx_word' id='word_1_219' title='bbox 825 3149 916 3226; x_wconf 89' lang='lat' dir='ltr'><strong>patet</strong></span> <span class='ocrx_word' id='word_1_220' title='bbox 944 3163 985 3208; x_wconf 92' lang='lat' dir='ltr'><strong>ex</strong></span> <span class='ocrx_word' id='word_1_221' title='bbox 1015 3164 1063 3226; x_wconf 89' lang='lat' dir='ltr'><strong>eo,</strong></span> <span class='ocrx_word' id='word_1_222' title='bbox 1099 3142 1184 3224; x_wconf 88' lang='lat' dir='ltr'><strong>quod</strong></span> <span class='ocrx_word' id='word_1_223' title='bbox 1213 3142 1278 3208; x_wconf 92' lang='lat' dir='ltr'><strong>alio</strong></span> <span class='ocrx_word' id='word_1_224' title='bbox 1299 3144 1371 3208; x_wconf 90' lang='lat' dir='ltr'><strong>looo</strong></span> 
     </span>
     <span class='ocr_line' id='line_1_28' title="bbox 234 3241 1373 3329; baseline 0.003 -21"><span class='ocrx_word' id='word_1_225' title='bbox 234 3241 410 3319; x_wconf 79' lang='lat' dir='ltr'><strong>Callistrati</strong></span> <span class='ocrx_word' id='word_1_226' title='bbox 438 3264 553 3309; x_wconf 90' lang='lat' dir='ltr'><strong>nomen</strong></span> <span class='ocrx_word' id='word_1_227' title='bbox 580 3243 685 3328; x_wconf 91' lang='lat' dir='ltr'><strong>priore</strong></span> <span class='ocrx_word' id='word_1_228' title='bbox 709 3246 779 3310; x_wconf 87' lang='lat' dir='ltr'><strong>loco</strong></span> <span class='ocrx_word' id='word_1_229' title='bbox 803 3246 941 3329; x_wconf 91' lang='lat' dir='ltr'><strong>positum</strong></span> <span class='ocrx_word' id='word_1_230' title='bbox 963 3245 1118 3328; x_wconf 87' lang='lat' dir='ltr'><strong>videmus,</strong></span> <span class='ocrx_word' id='word_1_231' title='bbox 1148 3266 1219 3309; x_wconf 91' lang='lat' dir='ltr'><strong>oum</strong></span> <span class='ocrx_word' id='word_1_232' title='bbox 1240 3245 1273 3308; x_wconf 92' lang='lat' dir='ltr'><strong>in</strong></span> <span class='ocrx_word' id='word_1_233' title='bbox 1296 3245 1373 3312; x_wconf 92' lang='lat' dir='ltr'><strong>Vita</strong></span> 
     </span>
     <span class='ocr_line' id='line_1_29' title="bbox 232 3343 1372 3444; baseline 0.003 -36"><span class='ocrx_word' id='word_1_234' title='bbox 232 3343 330 3410; x_wconf 87' lang='lat' dir='ltr'><strong>Arist.</strong></span> <span class='ocrx_word' id='word_1_235' title='bbox 358 3345 441 3412; x_wconf 86' lang='lat' dir='ltr'><strong>hacc</strong></span> <span class='ocrx_word' id='word_1_236' title='bbox 468 3348 628 3430; x_wconf 83' lang='lat' dir='ltr'><strong>legamus:</strong></span> <span class='ocrx_word' id='word_1_237' title='bbox 666 3347 707 3410; x_wconf 84' lang='grc' dir='ltr'><strong>τὰ</strong></span> <span class='ocrx_word' id='word_1_238' title='bbox 734 3347 793 3430; x_wconf 78' lang='grc' dir='ltr'><strong>μὲν</strong></span> <span class='ocrx_word' id='word_1_239' title='bbox 821 3353 938 3436; x_wconf 77' lang='grc' dir='ltr'><strong><em>πρῶτα</em></strong></span> <span class='ocrx_word' id='word_1_240' title='bbox 966 3346 1022 3444; x_wconf 84' lang='grc' dir='ltr'><strong><em>διὰ</em></strong></span> <span class='ocrx_word' id='word_1_241' title='bbox 1048 3346 1290 3432; x_wconf 77' lang='grc' dir='ltr'><strong><em>Καλλιστράτου</em></strong></span> <span class='ocrx_word' id='word_1_242' title='bbox 1319 3349 1372 3411; x_wconf 79' lang='grc' dir='ltr'><strong><em>καὶ</em></strong></span> 
     </span>
     <span class='ocr_line' id='line_1_30' title="bbox 237 3447 739 3536; baseline 0 -22"><span class='ocrx_word' id='word_1_243' title='bbox 237 3447 422 3514; x_wconf 78' lang='grc' dir='ltr'><strong><em>Φιλωνίδου</em></strong></span> <span class='ocrx_word' id='word_1_244' title='bbox 446 3453 555 3512; x_wconf 68' lang='grc' dir='ltr'><strong><em>καθίει</em></strong></span> <span class='ocrx_word' id='word_1_245' title='bbox 580 3449 739 3536; x_wconf 79' lang='grc' dir='ltr'><strong><em>δράματα.</em></strong></span> 
     </span>
    </p>

    <p class='ocr_par' dir='ltr' id='par_1_14' title="bbox 233 3536 1400 3950">
     <span class='ocr_line' id='line_1_31' title="bbox 320 3536 1400 3638; baseline 0.002 -21"><span class='ocrx_word' id='word_1_246' title='bbox 320 3551 387 3618; x_wconf 83' lang='lat' dir='ltr'><strong>Sed</strong></span> <span class='ocrx_word' id='word_1_247' title='bbox 421 3552 526 3624; x_wconf 75' lang='lat' dir='ltr'><strong>etiam,</strong></span> <span class='ocrx_word' id='word_1_248' title='bbox 548 3553 637 3618; x_wconf 90' lang='lat' dir='ltr'><strong>aliud</strong></span> <span class='ocrx_word' id='word_1_249' title='bbox 666 3554 890 3620; x_wconf 90' lang='lat' dir='ltr'><strong>documentum</strong></span> <span class='ocrx_word' id='word_1_250' title='bbox 920 3553 1094 3638; x_wconf 80' lang='lat' dir='ltr'><strong>proferunt,</strong></span> <span class='ocrx_word' id='word_1_251' title='bbox 1128 3553 1182 3636; x_wconf 92' lang='grc'><strong>001</strong></span> <span class='ocrx_word' id='word_1_252' title='bbox 1211 3536 1400 3620; x_wconf 76' lang='lat' dir='ltr'><strong>Philonidi</strong></span> 
     </span>
     <span class='ocr_line' id='line_1_32' title="bbox 233 3653 1372 3743; baseline 0.004 -26"><span class='ocrx_word' id='word_1_253' title='bbox 233 3653 357 3738; x_wconf 88' lang='lat' dir='ltr'><strong>primae</strong></span> <span class='ocrx_word' id='word_1_254' title='bbox 380 3655 511 3721; x_wconf 88' lang='lat' dir='ltr'><strong>fabulae</strong></span> <span class='ocrx_word' id='word_1_255' title='bbox 535 3657 681 3740; x_wconf 90' lang='lat' dir='ltr'><strong>palmam.</strong></span> <span class='ocrx_word' id='word_1_256' title='bbox 699 3658 778 3742; x_wconf 89' lang='lat' dir='ltr'><strong>eripi</strong></span> <span class='ocrx_word' id='word_1_257' title='bbox 801 3679 865 3724; x_wconf 92' lang='lat' dir='ltr'><strong>non</strong></span> <span class='ocrx_word' id='word_1_258' title='bbox 886 3658 1002 3743; x_wconf 89' lang='lat' dir='ltr'><strong>sinunt,</strong></span> <span class='ocrx_word' id='word_1_259' title='bbox 1026 3655 1197 3723; x_wconf 86' lang='lat' dir='ltr'><strong>laudantes</strong></span> <span class='ocrx_word' id='word_1_260' title='bbox 1213 3658 1372 3742; x_wconf 85' lang='lat' dir='ltr'><strong>Anonymi</strong></span> 
     </span>
     <span class='ocr_line' id='line_1_33' title="bbox 234 3758 1371 3849; baseline 0.003 -30"><span class='ocrx_word' id='word_1_261' title='bbox 234 3758 308 3842; x_wconf 76' lang='grc' dir='ltr'><strong><em>περὶ</em></strong></span> <span class='ocrx_word' id='word_1_262' title='bbox 331 3781 409 3841; x_wconf 75' lang='lat' dir='ltr'><strong>xmp.</strong></span> <span class='ocrx_word' id='word_1_263' title='bbox 433 3759 482 3822; x_wconf 90' lang='lat' dir='ltr'><strong>HI</strong></span> <span class='ocrx_word' id='word_1_264' title='bbox 503 3759 587 3832; x_wconf 87' lang='grc'>11000</span> <span class='ocrx_word' id='word_1_265' title='bbox 603 3761 720 3827; x_wconf 85' lang='lat' dir='ltr'><strong>verba:</strong></span> <span class='ocrx_word' id='word_1_266' title='bbox 744 3762 801 3836; x_wconf 82' lang='grc' dir='ltr'><strong>τὰς</strong></span> <span class='ocrx_word' id='word_1_267' title='bbox 823 3761 882 3845; x_wconf 80' lang='grc' dir='ltr'><strong>μὲν</strong></span> <span class='ocrx_word' id='word_1_268' title='bbox 904 3763 964 3849; x_wconf 77' lang='grc' dir='ltr'><strong>γὰρ</strong></span> <span class='ocrx_word' id='word_1_269' title='bbox 989 3761 1157 3834; x_wconf 85' lang='grc' dir='ltr'><strong><em>πολιτικάς</em></strong></span> <span class='ocrx_word' id='word_1_270' title='bbox 1180 3764 1237 3842; x_wconf 88' lang='lat' dir='ltr'><strong>(sc.</strong></span> <span class='ocrx_word' id='word_1_271' title='bbox 1254 3784 1371 3845; x_wconf 81' lang='grc' dir='ltr'><strong><em>κωμῳ-</em></strong></span> 
     </span>
     <span class='ocr_line' id='line_1_34' title="bbox 237 3858 1374 3950; baseline 0.004 -28"><span class='ocrx_word' id='word_1_272' title='bbox 237 3858 322 3942; x_wconf 82' lang='grc' dir='ltr'><strong><em>δίας)</em></strong></span> <span class='ocrx_word' id='word_1_273' title='bbox 360 3861 463 3945; x_wconf 79' lang='grc' dir='ltr'><strong><em>τούτῳ</em></strong></span> <span class='ocrx_word' id='word_1_274' title='bbox 502 3865 559 3945; x_wconf 85' lang='lat' dir='ltr'><strong>(sc.</strong></span> <span class='ocrx_word' id='word_1_275' title='bbox 598 3863 837 3950; x_wconf 81' lang='grc' dir='ltr'><strong><em>Καλλιστράτῳ)</em></strong></span> <span class='ocrx_word' id='word_1_276' title='bbox 876 3865 977 3949; x_wconf 84' lang='grc' dir='ltr'><strong><em>φασὶν</em></strong></span> <span class='ocrx_word' id='word_1_277' title='bbox 1012 3863 1114 3928; x_wconf 79' lang='grc' dir='ltr'><strong><em>αὐτὸν</em></strong></span> <span class='ocrx_word' id='word_1_278' title='bbox 1150 3862 1293 3938; x_wconf 79' lang='grc' dir='ltr'><strong>διδόναι,</strong></span> <span class='ocrx_word' id='word_1_279' title='bbox 1332 3866 1374 3927; x_wconf 87' lang='grc' dir='ltr'><strong>τὰ</strong></span> 
     </span>
    </p>
   </div>
   <div class='ocr_carea' id='block_1_5' title="bbox 134 3963 1373 4569">
    <p class='ocr_par' dir='ltr' id='par_1_15' title="bbox 134 3963 1373 4569">
     <span class='ocr_line' id='line_1_35' title="bbox 234 3963 1371 4054; baseline 0.004 -28"><span class='ocrx_word' id='word_1_280' title='bbox 234 3963 355 4044; x_wconf 86' lang='lat' dir='ltr'><strong>(malim</strong></span> <span class='ocrx_word' id='word_1_281' title='bbox 384 3964 453 4047; x_wconf 80' lang='grc' dir='ltr'><strong>τὰς)</strong></span> <span class='ocrx_word' id='word_1_282' title='bbox 490 3964 525 4028; x_wconf 79' lang='grc' dir='ltr'><strong><em>δὲ</em></strong></span> <span class='ocrx_word' id='word_1_283' title='bbox 558 3967 628 4028; x_wconf 65' lang='grc' dir='ltr'><strong><em>κατ’</em></strong></span> <span class='ocrx_word' id='word_1_284' title='bbox 663 3967 849 4052; x_wconf 72' lang='grc' dir='ltr'><strong><em>Εὐριπίδου</em></strong></span> <span class='ocrx_word' id='word_1_285' title='bbox 884 3969 936 4030; x_wconf 80' lang='grc' dir='ltr'><strong><em>καί</em></strong></span> <span class='ocrx_word' id='word_1_286' title='bbox 973 3966 1180 4052; x_wconf 81' lang='grc' dir='ltr'><strong><em>Σωκράτους·</em></strong></span> <span class='ocrx_word' id='word_1_287' title='bbox 1197 3965 1371 4054; x_wconf 76' lang='grc' dir='ltr'><strong><em>Φιλωνίδῃ.</em></strong></span> 
     </span>
     <span class='ocr_line' id='line_1_36' title="bbox 134 4065 1373 4154; baseline 0.006 -26"><span class='ocrx_word' id='word_1_288' title='bbox 134 4141 136 4146; x_wconf 85' lang='lat'><em>.</em></span> <span class='ocrx_word' id='word_1_289' title='bbox 233 4065 292 4130; x_wconf 91' lang='lat' dir='ltr'><strong>His</strong></span> <span class='ocrx_word' id='word_1_290' title='bbox 319 4067 425 4132; x_wconf 88' lang='lat' dir='ltr'><strong>verbis</strong></span> <span class='ocrx_word' id='word_1_291' title='bbox 454 4069 583 4152; x_wconf 91' lang='lat' dir='ltr'><strong>probari</strong></span> <span class='ocrx_word' id='word_1_292' title='bbox 613 4070 858 4136; x_wconf 89' lang='lat' dir='ltr'><strong>Daetalensinm</strong></span> <span class='ocrx_word' id='word_1_293' title='bbox 884 4071 1029 4136; x_wconf 82' lang='lat' dir='ltr'><strong>fabulam</strong></span> <span class='ocrx_word' id='word_1_294' title='bbox 1055 4069 1200 4135; x_wconf 85' lang='lat' dir='ltr'><strong>doctam·</strong></span> <span class='ocrx_word' id='word_1_295' title='bbox 1214 4088 1285 4134; x_wconf 89' lang='lat' dir='ltr'><strong>esse</strong></span> <span class='ocrx_word' id='word_1_296' title='bbox 1313 4091 1373 4154; x_wconf 88' lang='lat' dir='ltr'><strong>per</strong></span> 
     </span>
     <span class='ocr_line' id='line_1_37' title="bbox 233 4168 1372 4259; baseline 0.004 -27"><span class='ocrx_word' id='word_1_297' title='bbox 233 4168 449 4256; x_wconf 89' lang='lat' dir='ltr'><strong>Philonidem,</strong></span> <span class='ocrx_word' id='word_1_298' title='bbox 485 4193 556 4238; x_wconf 90' lang='lat' dir='ltr'><strong>cum</strong></span> <span class='ocrx_word' id='word_1_299' title='bbox 585 4174 755 4259; x_wconf 88' lang='lat' dir='ltr'><strong>Babylonii</strong></span> <span class='ocrx_word' id='word_1_300' title='bbox 790 4181 823 4241; x_wconf 89' lang='lat' dir='ltr'><strong>et</strong></span> <span class='ocrx_word' id='word_1_301' title='bbox 851 4174 1075 4240; x_wconf 90' lang='lat' dir='ltr'><strong>Acharnenses</strong></span> <span class='ocrx_word' id='word_1_302' title='bbox 1108 4172 1172 4238; x_wconf 87' lang='lat' dir='ltr'><strong>sint</strong></span> <span class='ocrx_word' id='word_1_303' title='bbox 1205 4172 1372 4237; x_wconf 85' lang='grc' dir='ltr'><strong><em>πολιτικαὶ</em></strong></span> 
     </span>
     <span class='ocr_line' id='line_1_38' title="bbox 234 4272 1372 4363; baseline 0.011 -31"><span class='ocrx_word' id='word_1_304' title='bbox 234 4272 412 4355; x_wconf 82' lang='grc' dir='ltr'><strong><em>κωμῳδίαι,</em></strong></span> <span class='ocrx_word' id='word_1_305' title='bbox 436 4275 651 4344; x_wconf 90' lang='lat' dir='ltr'><strong>Daetalenses</strong></span> <span class='ocrx_word' id='word_1_306' title='bbox 673 4297 738 4342; x_wconf 92' lang='lat' dir='ltr'><strong>non</strong></span> <span class='ocrx_word' id='word_1_307' title='bbox 752 4276 802 4343; x_wconf 91' lang='lat' dir='ltr'><strong>sit.</strong></span> <span class='ocrx_word' id='word_1_308' title='bbox 833 4277 1081 4363; x_wconf 85' lang='lat' dir='ltr'><strong>Aristophanem</strong></span> <span class='ocrx_word' id='word_1_309' title='bbox 1097 4274 1280 4341; x_wconf 88' lang='lat' dir='ltr'><strong>comoedias</strong></span> <span class='ocrx_word' id='word_1_310' title='bbox 1295 4296 1372 4344; x_wconf 88' lang='lat' dir='ltr'><strong>suas</strong></span> 
     </span>
     <span class='ocr_line' id='line_1_39' title="bbox 153 4373 1371 4448; baseline 0.007 -9"><span class='ocrx_word' id='word_1_311' title='bbox 153 4401 156 4407; x_wconf 48' lang='lat'>*</span> <span class='ocrx_word' id='word_1_312' title='bbox 235 4373 451 4441; x_wconf 81' lang='lat' dir='ltr'><strong>Callistratum</strong></span> <span class='ocrx_word' id='word_1_313' title='bbox 472 4378 555 4444; x_wconf 90' lang='lat' dir='ltr'><strong>inter</strong></span> <span class='ocrx_word' id='word_1_314' title='bbox 578 4388 610 4447; x_wconf 90' lang='lat' dir='ltr'><strong>et</strong></span> <span class='ocrx_word' id='word_1_315' title='bbox 624 4380 827 4447; x_wconf 90' lang='lat' dir='ltr'><strong>Philonidem</strong></span> <span class='ocrx_word' id='word_1_316' title='bbox 850 4383 994 4448; x_wconf 91' lang='lat' dir='ltr'><strong>consulto</strong></span> <span class='ocrx_word' id='word_1_317' title='bbox 1017 4380 1064 4446; x_wconf 91' lang='lat' dir='ltr'><strong>ita</strong></span> <span class='ocrx_word' id='word_1_318' title='bbox 1086 4378 1284 4446; x_wconf 92' lang='lat' dir='ltr'><strong>distribuisse</strong></span> <span class='ocrx_word' id='word_1_319' title='bbox 1307 4402 1371 4448; x_wconf 90' lang='lat' dir='ltr'><strong>non</strong></span> 
     </span>
     <span class='ocr_line' id='line_1_40' title="bbox 233 4479 1371 4569; baseline 0.009 -29"><span class='ocrx_word' id='word_1_320' title='bbox 233 4497 356 4561; x_wconf 85' lang='lat' dir='ltr'><strong>vereor,</strong></span> <span class='ocrx_word' id='word_1_321' title='bbox 379 4499 419 4545; x_wconf 89' lang='lat' dir='ltr'><strong>ne</strong></span> <span class='ocrx_word' id='word_1_322' title='bbox 443 4479 513 4562; x_wconf 89' lang='lat' dir='ltr'><strong>quis</strong></span> <span class='ocrx_word' id='word_1_323' title='bbox 536 4485 662 4569; x_wconf 71' lang='lat' dir='ltr'><strong>credat,</strong></span> <span class='ocrx_word' id='word_1_324' title='bbox 687 4484 840 4551; x_wconf 85' lang='lat' dir='ltr'><strong>exhibent</strong></span> <span class='ocrx_word' id='word_1_325' title='bbox 862 4486 918 4552; x_wconf 92' lang='lat' dir='ltr'><strong>illa</strong></span> <span class='ocrx_word' id='word_1_326' title='bbox 941 4485 1041 4552; x_wconf 91' lang='lat' dir='ltr'><strong>verba</strong></span> <span class='ocrx_word' id='word_1_327' title='bbox 1063 4483 1131 4550; x_wconf 88' lang='lat' dir='ltr'><strong>sine</strong></span> <span class='ocrx_word' id='word_1_328' title='bbox 1152 4482 1248 4549; x_wconf 90' lang='lat' dir='ltr'><strong>dubio</strong></span> <span class='ocrx_word' id='word_1_329' title='bbox 1263 4484 1371 4567; x_wconf 81' lang='lat' dir='ltr'><strong>legem</strong></span> 
     </span>
    </p>
   </div>
   <div class='ocr_carea' id='block_1_6' title="bbox 0 0 1588 4992">
    <p class='ocr_par' dir='ltr' id='par_1_16' title="bbox 0 0 1588 4992">
     <span class='ocr_line' id='line_1_41' title="bbox 0 0 1588 4992; baseline 0 0"><span class='ocrx_word' id='word_1_330' title='bbox 0 0 1588 4992; x_wconf 95' lang='lat' dir='ltr'><strong> </strong></span> 
     </span>
    </p>
   </div>
  </div>
 </body>
</html>
