3167 4992
657 345 872 411 ...53-

284 533 687 619 Thesmophoriazusarum
719 534 864 600 fabulam
897 555 956 619 per
988 534 1189 600 Philonidem
1222 535 1334 600 datam

199 657 270 702 esse
303 636 440 722 fuerunt,
475 638 530 721 qui
563 659 604 704 cx
636 639 710 721 lege
743 637 801 702 illa
829 636 1110 720 grammaticorum
1139 635 1332 704 conicerent.

199 740 273 806 Tali
296 740 480 807 coniectma
503 741 626 824 aliquid
646 741 757 826 profici
773 761 838 806 non
852 740 1006 824 intelligo.
1040 742 1125 808 Nam
1140 740 1333 824 comoedias,

199 843 231 908 in
266 843 379 926 quibus
412 844 583 929 Euripides
620 844 688 911 sive
722 845 828 928 magis
863 844 932 911 sive
968 844 1071 910 minus
1105 845 1333 928 exagitaretur,

199 947 446 1031 Aristophanem
473 948 634 1014 Philonidi
666 947 839 1013 tradidisse
873 948 917 1013 ad
949 969 1046 1013 unam
1073 968 1182 1013 omnes
1211 969 1252 1012 ex
1278 947 1335 1013 illa

199 1051 273 1133 lege
301 1051 431 1117 efficere
453 1051 541 1116 stulti
564 1057 622 1134 est,
650 1071 755 1134 neque
777 1072 892 1117 vereor
912 1072 953 1116 ne
977 1051 1145 1133 quisquam
1167 1050 1201 1116 id
1223 1050 1334 1116 iaciat.

198 1155 312 1236 Itaque
342 1154 411 1220 fieri
439 1154 552 1239 potuit,
585 1160 619 1219 ut
648 1154 746 1220 etiam
774 1151 1123 1239 Thesmophoriazusas
1150 1154 1335 1220 Philonides

158 1297 160 1299 -
199 1256 339 1342 doceret,
364 1278 443 1342 opus
465 1258 627 1324 nonfuit:
655 1258 759 1344 potuit
781 1258 1014 1342 Aristophanes
1035 1259 1106 1343 ipse
1129 1259 1257 1343 docere,
1280 1278 1335 1342 po

198 1360 259 1425 tuit
278 1361 463 1427 Callistrato
487 1362 583 1428 dare:
607 1382 736 1447 prorsus
757 1362 836 1427 nihil
859 1368 996 1428 constat.

287 1464 380 1542 Quod
411 1467 451 1532 de
479 1467 646 1532 comoedia
675 1466 803 1533 hiennio
832 1473 905 1550 post
932 1467 1046 1531 Diocle
1074 1465 1228 1531 archonte
1251 1487 1334 1532 ccm-

199 1567 297 1632 mis'sa
332 1568 483 1634 certiores
517 1569 596 1634 facti
630 1588 749 1653 sumus,
784 1569 846 1634 hoc
880 1569 1034 1636 debemus
1066 1568 1260 1636 scholiastae
1291 1570 1334 1635 ad

200 1672 283 1736 Plut.
313 1691 360 1737 vs
384 1673 461 1738 173:
497 1671 596 1756 δῆλον
630 1672 667 1735 δὲ
699 1671 733 1735 ἐκ
765 1677 826 1737 τού
858 1672 893 1736 ἐν
926 1673 1061 1759 δευτέρῳ
1096 1677 1264 1759 φέρεσθαι,
1300 1677 1335 1748 δς

201 1776 334 1856 ἔσχατος
367 1774 531 1861 ἐδιδάχθη
564 1775 623 1840 ὑπ’
657 1777 758 1841 αὐτοῦ
790 1779 922 1863 εἰκοστῷ
949 1778 1010 1839 ἔτει
1036 1779 1185 1863 ὕστερον·
1219 1779 1249 1840 εἰ
1276 1777 1333 1863 μή,

201 1879 280 1964 ὅπερ
314 1877 408 1953 εἰκός,
427 1877 480 1940 ’ἐκ
513 1883 572 1944 τού
606 1878 755 1966 δευτέρου
792 1879 943 1945 Πλούτου
976 1885 1072 1944 τούτο
1105 1881 1334 1966 μετενήνεκται.

135 2055 137 2058 ,
200 1981 346 2066 Apparet
374 2004 415 2048 ex
441 1983 491 2048 his
518 1983 624 2049 verbis
652 1983 732 2049 duas
760 1983 984 2068 Aristophanis
1011 1983 1195 2049 comoedias
1222 1984 1335 2050 doctas

202 2103 282 2169 esse,
312 2094 445 2169 quarum
475 2093 610 2169 utraque
632 2087 743 2152 Plutus
773 2094 844 2152 erat
869 2087 1038 2171 inscripta3
1069 2093 1166 2169 atque
1197 2108 1277 2153 cum·
1291 2090 1335 2153 al-

201 2194 303 2254 teram
326 2209 410 2255 anno
426 2191 492 2281 388,
512 2197 619 2255 actam
635 2209 705 2256 esse
722 2191 903 2258 didascalia
918 2198 1051 2275 constet,
1076 2190 1179 2256 altera
1193 2191 1336 2273 sequitur

131 2281 132 2284 ¹
201 2299 236 2357 ut
270 2292 438 2358 commissa
476 2293 517 2358 sit
550 2314 634 2359 anno
661 2294 734 2360 408.
791 2295 862 2359 Hoc
896 2294 1005 2375 utique
1039 2293 1244 2359 statuendum
1276 2300 1335 2378 est,

202 2415 395 2478 quamquam
427 2396 616 2462 scholiastes
648 2387 912 2462 inmanifestum
939 2417 1078 2462 errorem
1106 2396 1229 2481 incidit,
1264 2417 1335 2463 cum

201 2499 339 2583 priorem
362 2519 432 2566 esse
456 2499 629 2588 editionem
651 2506 796 2584 putaret,
818 2521 903 2582 quae
925 2499 986 2566 luit
1007 2501 1120 2566 altera.
1165 2501 1236 2566 Hoc
1258 2520 1335 2567 vero
1413 2517 1416 2521 ·

201 2623 259 2687 per
292 2622 327 2668 se
355 2609 447 2687 patet
473 2595 515 2668 en
544 2603 651 2669 indole
679 2625 719 2669 ac
748 2609 864 2669 natura
890 2604 1022 2669 fabulae
1045 2610 1205 2695 servatae,
1240 2625 1336 2686 quam

200 2706 254 2771 ille
277 2706 505 2790 interpretatus
528 2712 585 2791 est,
610 2712 707 2789 atque
730 2707 885 2791 probatur
907 2708 1084 2774 luculenter
1106 2708 1161 2773 illo
1176 2708 1275 2774 schol.
1293 2708 1337 2773 ad

201 2830 247 2874 vs.
266 2811 327 2876 173
350 2817 383 2875 et
405 2831 451 2876 vs.
470 2812 566 2876 1146:
821 2867 825 2872 .
1031 2848 1036 2861 ·

236 2946 257 2997 '.
384 2914 426 2997 μη
448 2914 693 2999 μνησικακήσῃς,
716 2916 746 2976 εἷ
767 2914 806 2978 σύ
833 2914 1147 2999 castrametata,

203 3017 257 3081 ubi
284 3016 346 3081 hoc
374 3016 517 3082 scholion
544 3017 675 3099 legitur:
710 3017 794 3081 ἀλλὰ
819 3018 921 3081 ταῦτα
947 3041 983 3096 γε
1011 3021 1105 3082 οὔπω
1135 3018 1334 3103 ἐπέπρακτο,

205 3119 282 3183 oriris
310 3116 350 3181 τὰ
371 3118 426 3182 ἐπὶ
454 3124 518 3184 τῶν
540 3121 712 3206 τριάκοντα
733 3120 796 3205 ἢδη
818 3120 873 3205 ἦν·
899 3167 910 3184 ,.
928 3167 961 3183 ..
984 3125 1080 3184 τούτο
1095 3120 1164 3185 ,οὖν
1186 3122 1269 3185 ἔοικέ
1289 3145 1337 3195 τις

203 3223 237 3286 ἐκ
265 3207 334 3287 τού
353 3223 502 3310 δευτέρου
526 3223 679 3288 Πλούτου
708 3225 902 3306 μετενεγκών
923 3222 1047 3297 ἐνθάδε
1069 3224 1261 3310 δλιγωρῆσαι
1283 3229 1338 3310 τῆς

203 3327 337 3406 ἀλογίας
371 3328 499 3412 ταύτης,
534 3331 553 3412 η“
585 3328 639 3390 καὶ
672 3328 770 3402 αὐτὸς
804 3329 823 3391 δ
854 3328 989 3413 ποιητὴς
1018 3330 1151 3414 ὕστερον
1178 3327 1336 3404 ἐνθεῖναι,
1371 3385 1375 3389 .
1478 3337 1482 3344 ’

204 3431 290 3512 quod
313 3431 365 3496 vel
387 3431 525 3496 maxime
549 3431 655 3515 arguit
677 3431 872 3497 scholiastae
896 3451 1044 3496 errorem.

290 3536 340 3600 De
366 3535 450 3600 Pluti
480 3535 594 3620 prioris
617 3535 766 3600 editionis
789 3541 978 3618 argumento
1000 3535 1033 3599 in
1055 3534 1122 3619 tali,
1152 3535 1256 3618 qualis
1278 3542 1337 3619 est,

204 3637 408 3719 reliquiamm
442 3638 587 3704 exilitate
620 3638 698 3702 nihil
732 3645 839 3723 potest
871 3638 969 3704 statui
1003 3638 1092 3704 certi.
1141 3639 1181 3703 Id
1208 3637 1337 3721 quidem

204 3741 280 3806 licet
309 3742 536 3808 concludamus
563 3749 710 3807 naturam
736 3743 899 3824 utriusque
922 3742 1053 3807 fabulae
1076 3741 1236 3806 diversam
1259 3761 1337 3806 sane

205 3844 312 3929 fuisse,
342 3845 461 3930 quippe
491 3867 563 3911 eum
590 3845 703 3928 viginti
731 3867 886 3912 annorum
913 3845 1018 3929 spatio
1041 3845 1144 3910 altera
1167 3846 1209 3910 ab
1233 3845 1336 3910 altera
1404 3855 1408 3862 ’

204 3951 342 4014 abesset.
387 3949 500 4015 Utrum
526 3951 664 4033 priorem
685 3950 812 4015 Plutum
834 3949 1065 4032 Aristophanes
1094 3947 1165 4031 ipse
1194 3948 1339 4013 docuerit

203 4073 245 4117 an
268 4052 452 4118 Callistrato
475 4052 542 4119 sive
565 4053 725 4118 Philonidi
748 4052 917 4118 tradiderit
940 4051 1008 4117 erui
1029 4071 1092 4115 non
1115 4056 1231 4135 potest,
1263 4071 1335 4115 cum

204 4155 245 4221 de
268 4155 387 4222 haere
411 4133 612 4239 grammatici
634 4157 712 4221 nihil
735 4156 923 4222 annotaveri
946 4162 968 4219 t.

215 4328 217 4332 ,
288 4259 503 4342 Pergentibus
523 4261 614 4325 nobis
630 4267 824 4344 postremum
839 4259 966 4324 obviam
981 4259 1017 4323 fit
1031 4257 1226 4342 Philonides,
1243 4277 1339 4341 quem

203 4363 344 4429 Lenaeis
377 4364 453 4428 anni
480 4366 543 4429 405
576 4365 686 4429 Rauas
721 4363 868 4428 docuisse
902 4363 934 4427 in
968 4362 1148 4428 didascalia
1185 4362 1338 4445 legimus:

203 4467 368 4552 ἐδιδάχθη
391 4466 445 4530 ἐπὶ
471 4467 612 4531 Καλλίου
635 4467 793 4551 τοῦμετὰ
815 4467 981 4551 Ἀντιγένη
1005 4465 1061 4529 διὰ
1088 4464 1271 4529 Φιλωνίδου
1293 4467 1339 4540 εἷς
