3167 4992
686 331 894 394 ..39-

325 521 394 581 εἶτα
417 520 561 604 προστὰς
584 518 667 604 πρὸς
689 520 746 584 τὸν
768 518 948 605 ἀνδριάντα
970 519 1029 585 τόν
1052 520 1241 595 Πανδίονος

326 622 412 689 εἶδεν
434 623 538 709 αὑτόν
560 623 625 688 κτλ.

219 725 331 792 Civem
358 727 586 794 Atheniensem
619 732 715 793 vocat
743 726 990 812 Aristophanem
1018 712 1116 795 etiam
1143 729 1245 795 Anon.
1277 728 1352 815 περὶ

217 852 297 912 κωμ.
320 831 385 896 ΙΠ;
413 829 651 917 Ἀριστοφάνης
678 829 850 895 Φιλίππου
872 831 1063 915 Ἀθηναῖος,
1091 852 1196 916 neque
1219 833 1353 900 aliorum

217 932 357 1019 ineptias
376 934 528 1019 respexit.

304 1039 420 1121 Itaque
459 1037 609 1121 quoniam
643 1057 737 1104 verus
770 1036 850 1103 civis
882 1037 1087 1105 Atheniensis
1120 1039 1352 1125 Aristophanes

218 1140 287 1225 ruit,
312 1141 501 1224 quibusnam
524 1141 721 1225 argumentis
742 1141 831 1206 nisus
854 1147 887 1208 et
909 1141 1046 1208 confisus
1062 1143 1161 1209 (ileon
1180 1144 1354 1228 peregrini-

218 1244 295 1311 tatis
328 1265 417 1312 reum
451 1265 524 1312 enm
556 1244 673 1310 fecisse
706 1243 834 1310 fertur?¹
866 1243 920 1319 Ὡς
948 1248 1042 1321 ξένον
1069 1245 1106 1309 dt
1133 1246 1233 1311 odada
1255 1246 1353 1326 ἔλεγε,

218 1348 313 1415 Vitae
347 1348 483 1434 scriptor
515 1348 627 1433 inquit,
662 1348 814 1434 παρόσον
847 1344 878 1412 οἱ
910 1347 970 1430 μὲν
1002 1348 1105 1413 αότόν
1138 1367 1239 1434 φασιν
1271 1352 1354 1415 εἶναι

218 1451 346 1516 Ῥόδιον
371 1452 442 1526 άπὸ
470 1452 612 1527 Λίνδον,
640 1448 672 1515 οἳ
700 1450 736 1514 δὲ
763 1451 954 1537 Αἰγινήτην,
984 1452 1215 1536 στοχαζόμενοι
1240 1452 1275 1517 ἐκ
1296 1459 1356 1519 τοῦ

219 1555 373 1622 πλεῖστον
400 1555 520 1643 χρόνον
547 1557 604 1631 τὰς
633 1556 802 1642 διατριβὰς
828 1559 1001 1620 ποιεῖσθαι
1022 1556 1156 1633 αὐτόθι,
1185 1559 1280 1643 ήκαλ
1302 1546 1355 1624 ότι

217 1659 362 1745 ἐκέκτητο
385 1659 490 1726 ἐκεῖσε.
536 1660 618 1723 κατὰ
639 1661 728 1734 τινάς
752 1659 801 1735 δέ,
830 1659 874 1734 ὥς
896 1661 987 1724 dard
1010 1661 1119 1748 πατήρ
1140 1663 1245 1726 αὐτοῦ
1271 1662 1354 1726 Φίλ-

216 1786 324 1838 ιππος
355 1763 539 1849 Αἰγινήτης.
597 1763 682 1842 Quid
711 1762 807 1830 Vitae
833 1762 970 1847 scriptor
998 1763 1039 1829 de
1069 1763 1119 1830 his
1148 1764 1351 1850 opinionibus

191 1869 360 1953 senserit,
396 1889 437 1935 ex
467 1889 506 1935 eo
534 1868 611 1934 licet
640 1867 843 1951 concludere,
873 1867 959 1950 quod
985 1867 1076 1933 initio
1105 1868 1354 1955 Aristophanem

216 1972 320 2039 civem
342 1972 571 2039 Atheniensem
593 1971 691 2038 fuisse
715 1969 876 2056 expressis
897 1969 1005 2036 verbis
1028 1971 1118 2037 dixit.
1167 1972 1210 2037 Et
1232 1992 1290 2039 nos
1313 1994 1354 2039 ex

215 2077 323 2144 animo
356 2078 388 2144 ei
421 2076 619 2143 assentimur.
669 2076 753 2144 Nam
787 2074 894 2140 omnia
921 2075 998 2140 ficta
1025 2080 1058 2140 et
1088 2083 1268 2143 commenta
1297 2083 1355 2144 aut

215 2181 387 2248 manifesto
411 2201 517 2248 errore
541 2185 612 2246 orta
634 2197 705 2245 esse
729 2179 772 2244 ad
794 2178 1038 2262 intelligendum
1059 2200 1123 2245 non
1145 2185 1196 2246 est
1211 2179 1351 2248 difficile.

216 2286 310 2366 Quod
333 2285 417 2351 enim
439 2285 480 2351 de
495 2284 622 2368 Aegina
643 2284 852 2368 protulerunt,
875 2303 918 2348 ex
931 2282 1185 2350 Achamensium
1200 2285 1354 2369 parabasi

154 2387 157 2391 ’
214 2409 386 2475 perperam
409 2389 615 2472 collegerunt,
640 2406 734 2470 quem
757 2407 897 2453 emonem
918 2385 984 2452 iarn
1006 2386 1183 2478 invenimus
1205 2388 1238 2454 in
1253 2388 1351 2456 schol.

215 2494 260 2560 ad
281 2493 421 2561 Acharn.
445 2512 492 2559 vs·
509 2491 589 2558 654:
616 2489 768 2556 ἐντεῦθεν
790 2489 873 2564 τινὲς
894 2491 1084 2573 νομίζουσιν
1104 2489 1140 2555 ἕν
1155 2493 1275 2579 Αἰγίνη
1297 2494 1355 2568 τὰς

215 2596 388 2684 κωμῳδίας
431 2605 540 2660 ποιεῖν
576 2595 633 2658 τόν
668 2592 915 2685 Ἀριστοφάνην,
958 2593 1016 2657 διὰ
1051 2594 1088 2657 τό
1124 2594 1355 2680 ἐπενηνοχέναι

214 2701 331 2766 αδτόν·
442 2708 513 2772 ταῖς
542 2697 712 2782 ἀληθείαις
737 2695 781 2772 είς
803 2696 843 2782 ήν
865 2701 929 2761 τόν
950 2696 985 2762 ἐν
1007 2697 1052 2785 τή
1065 2697 1151 2785 νήσῳ
1173 2699 1353 2786 κληρουχη-

215 2806 351 2871 σάντων.
381 2805 451 2869 Iam
473 2802 657 2887 opinionum
678 2801 838 2868 varietate
860 2805 949 2867 certo
971 2803 1127 2886 probatur
1140 2802 1219 2867 nihil
1235 2802 1276 2869 de
1291 2803 1355 2870 hac
1438 2808 1441 2814 '

215 2930 249 2975 re
271 2909 424 2975 traditum
447 2906 555 2991 fuisse,
579 2907 637 2973 sed
660 2906 888 2990 grammaticos
911 2906 992 2971 alios
1014 2907 1104 2972 aliud
1126 2907 1170 2972 ad
1188 2907 1355 2974 arbitrium

216 3013 395 3098 suspicatos
429 3031 509 3078 esse.
565 3012 680 3094 Itaque
714 3010 769 3076 alii
804 3014 929 3093 patrem
957 3009 1013 3075 alii
1040 3009 1139 3075 filium
1160 3009 1354 3094 Aeginetam

216 3117 314 3184 fuisse
343 3117 507 3198 dixerunt3
543 3115 598 3182 alii
628 3113 813 3180 comoedias
844 3134 865 3178 a
896 3119 994 3198 poeta
1024 3113 1057 3177 in
1084 3113 1189 3179 insula
1216 3114 1354 3200 scriptas

214 3241 286 3288 esse
310 3221 529 3303 coniecerunt3
554 3218 609 3284 alii
633 3218 779 3283 colonum
803 3238 875 3282 eum
896 3216 995 3282 fuisse
1018 3222 1222 3301 putaverunt.

301 3324 369 3390 Sed
399 3323 497 3389 etiam
520 3322 680 3388 Rhodium
707 3321 868 3387 hominem
890 3320 1138 3406 Aristophanem
1165 3321 1263 3390 fuisse
1290 3345 1354 3391 non

214 3429 360 3512 deerant,
384 3427 438 3510 qui
460 3427 635 3511 traderent,
659 3426 746 3510 quod
765 3447 806 3492 ne
824 3426 894 3509 quis
910 3426 1022 3492 credat
1037 3447 1100 3492 non
1116 3448 1238 3494 vereor.
1269 3429 1354 3497 Nam

214 3538 248 3597 et
271 3531 313 3596 de
335 3531 450 3597 Rhodo
477 3532 605 3598 variant
627 3535 736 3615 testes,
766 3551 838 3596 cum
861 3530 916 3596 alii
938 3530 1087 3616 Lindum,
1116 3533 1255 3615 quaein
1279 3533 1354 3599 Vita

214 3634 362 3719 occurrit,
392 3636 447 3701 alii
470 3637 630 3702 Camirum
658 3636 797 3720 patriam
824 3635 1049 3720 Aristophanis
1076 3636 1174 3703 fuisse
1204 3637 1351 3721 prodant.

213 3739 368 3823 Legimus
401 3740 486 3806 enim
519 3740 602 3806 haec
635 3739 723 3823 apud
753 3738 900 3805 Suidam:
939 3739 1195 3824 Ἀριστοφάνης,
1229 3739 1353 3815 Ῥόδιος

211 3846 283 3929 ήτοι
316 3842 469 3917 Λίνδιος·
508 3840 539 3906 οἱ
574 3842 609 3906 δὲ
643 3843 832 3922 Αίγύπτιον
865 3843 1007 3928 ἔφασαν·
1046 3839 1077 3906 ολ
1111 3842 1148 3907 dt
1173 3848 1350 3930 Καμειρέα·

211 3950 303 4010 θέσει
332 3946 369 4010 δὲ
397 3947 594 4031 Ἀθηναῖος·
628 3946 923 4033 ἐπολιτογραφήθη
950 3947 1012 4033 γὰρ
1041 3946 1121 4032 παρ’
1143 3947 1255 4022 αὐτοῖς
1285 3949 1350 4014 κτλ.

211 4053 282 4116 Ηοο
317 4050 456 4134 quidem,
492 4052 578 4134 quod
613 4051 744 4118 civitate
778 4058 909 4136 poetam
944 4051 1097 4116 donatum
1131 4070 1203 4117 esse
1233 4051 1351 4120 Suidas

212 4146 337 4240 scribit,
376 4177 397 4220 a
431 4154 641 4238 grammatico
676 4155 755 4221 satis
787 4155 909 4222 recenti
948 4159 1160 4220 commentum
1192 4175 1278 4241 esse,
1317 4164 1352 4223 ut

212 4259 465 4344 discrepantiam
486 4257 660 4324 memoriae
675 4259 812 4341 tolleret,
835 4257 1040 4324 manifestum
1054 4263 1112 4323 est.
1144 4258 1252 4336 Quare
1267 4260 1352 4328 haec

211 4365 312 4430 verba
338 4363 449 4446 magni
475 4362 626 4428 momenti
653 4383 717 4428 non
744 4361 840 4428 facio.
890 4361 1087 4447 Aegyptium
1109 4382 1196 4447 vero,
1225 4364 1351 4432 scilicet

210 4467 367 4537 Naucrati
401 4472 517 4551 ortum,
552 4466 801 4552 Aristophanem
833 4466 932 4535 fuisse
965 4467 1099 4534 tradidit
1128 4468 1226 4536 etiarn
1251 4469 1349 4538 Athe·
