<?xml version="1.0" encoding="UTF-8"?>
<!DOCTYPE html PUBLIC "-//W3C//DTD XHTML 1.0 Transitional//EN"
    "http://www.w3.org/TR/xhtml1/DTD/xhtml1-transitional.dtd">
<html xmlns="http://www.w3.org/1999/xhtml" xml:lang="en" lang="en">
 <head>
  <title>
</title>
<meta http-equiv="Content-Type" content="text/html;charset=utf-8" />
  <meta name='ocr-system' content='tesseract 3.04.00' />
  <meta name='ocr-capabilities' content='ocr_page ocr_carea ocr_par ocr_line ocrx_word'/>
</head>
<body>
  <div class='ocr_page' id='page_1' title='image "./decallistratoet01briegoog_0053.png"; bbox 0 0 3167 4992; ppageno 0'>
   <div class='ocr_carea' id='block_1_1' title="bbox 664 307 876 372">
    <p class='ocr_par' dir='ltr' id='par_1_1' title="bbox 664 307 876 372">
     <span class='ocr_line' id='line_1_1' title="bbox 664 307 876 372; baseline 0.019 -20"><span class='ocrx_word' id='word_1_1' title='bbox 664 307 876 372; x_wconf 56' lang='grc'>..(15.-</span> 
     </span>
    </p>
   </div>
   <div class='ocr_carea' id='block_1_2' title="bbox 201 493 1360 4534">
    <p class='ocr_par' dir='ltr' id='par_1_2' title="bbox 201 493 1360 4534">
     <span class='ocr_line' id='line_1_2' title="bbox 201 493 1338 581; baseline 0.002 -25"><span class='ocrx_word' id='word_1_2' title='bbox 201 495 376 580; x_wconf 78' lang='grc' dir='ltr'><em>εἰσαγωγῆς</em></span> <span class='ocrx_word' id='word_1_3' title='bbox 398 495 451 558; x_wconf 80' lang='lat' dir='ltr'>uoci</span> <span class='ocrx_word' id='word_1_4' title='bbox 475 498 535 560; x_wconf 78' lang='grc' dir='ltr'>νῦν</span> <span class='ocrx_word' id='word_1_5' title='bbox 555 495 774 581; x_wconf 75' lang='grc' dir='ltr'>μιμνήσκεται,</span> <span class='ocrx_word' id='word_1_6' title='bbox 798 497 847 558; x_wconf 78' lang='grc' dir='ltr'>ὅτι</span> <span class='ocrx_word' id='word_1_7' title='bbox 869 493 969 558; x_wconf 76' lang='grc' dir='ltr'><strong><em>αὐτὸν</em></strong></span> <span class='ocrx_word' id='word_1_8' title='bbox 989 493 1097 559; x_wconf 82' lang='grc' dir='ltr'><strong><em>Κλέων</em></strong></span> <span class='ocrx_word' id='word_1_9' title='bbox 1116 493 1295 580; x_wconf 82' lang='grc' dir='ltr'>εἰσήγαγεν,</span> <span class='ocrx_word' id='word_1_10' title='bbox 1318 495 1338 578; x_wconf 80' lang='grc' dir='ltr'><em>ἢ</em></span> 
     </span>
     <span class='ocr_line' id='line_1_3' title="bbox 201 597 1338 686; baseline 0 -26"><span class='ocrx_word' id='word_1_11' title='bbox 201 597 309 686; x_wconf 82' lang='grc' dir='ltr'><strong><em>ἑτέρας</em></strong></span> <span class='ocrx_word' id='word_1_12' title='bbox 332 601 401 662; x_wconf 72' lang='grc' dir='ltr'><strong><em>κατ’</em></strong></span> <span class='ocrx_word' id='word_1_13' title='bbox 419 600 522 663; x_wconf 75' lang='grc' dir='ltr'><strong><em>αὐτοῦ</em></strong></span> <span class='ocrx_word' id='word_1_14' title='bbox 544 603 716 683; x_wconf 77' lang='grc' dir='ltr'><strong><em>γενομένης</em></strong></span> <span class='ocrx_word' id='word_1_15' title='bbox 729 597 1001 686; x_wconf 74' lang='grc' dir='ltr'><strong><em>Ἀριστοφάνους,</em></strong></span> <span class='ocrx_word' id='word_1_16' title='bbox 1024 599 1077 660; x_wconf 76' lang='grc' dir='ltr'>καὶ</span> <span class='ocrx_word' id='word_1_17' title='bbox 1092 599 1134 683; x_wconf 80' lang='grc' dir='ltr'>μὴ</span> <span class='ocrx_word' id='word_1_18' title='bbox 1149 600 1338 682; x_wconf 78' lang='grc' dir='ltr'><em>εἰσαγωγῆς,</em></span> 
     </span>
     <span class='ocr_line' id='line_1_4' title="bbox 202 702 1339 789; baseline -0.001 -24"><span class='ocrx_word' id='word_1_19' title='bbox 202 702 286 766; x_wconf 70' lang='grc' dir='ltr'><strong><em>ἀλλὰ</em></strong></span> <span class='ocrx_word' id='word_1_20' title='bbox 312 703 447 789; x_wconf 72' lang='grc' dir='ltr'><strong><em>ἀπειλῆς</em></strong></span> <span class='ocrx_word' id='word_1_21' title='bbox 475 727 571 784; x_wconf 81' lang='grc' dir='ltr'><strong><em>τινος,</em></strong></span> <span class='ocrx_word' id='word_1_22' title='bbox 602 706 683 789; x_wconf 81' lang='grc' dir='ltr'><strong><em>ὅπερ</em></strong></span> <span class='ocrx_word' id='word_1_23' title='bbox 713 703 766 766; x_wconf 78' lang='grc' dir='ltr'>καὶ</span> <span class='ocrx_word' id='word_1_24' title='bbox 796 702 921 786; x_wconf 85' lang='grc' dir='ltr'><strong><em>μᾶλλον</em></strong></span> <span class='ocrx_word' id='word_1_25' title='bbox 942 702 1141 788; x_wconf 77' lang='grc' dir='ltr'><strong><em>ἐμφαίνεται.</em></strong></span> <span class='ocrx_word' id='word_1_26' title='bbox 1180 703 1284 766; x_wconf 76' lang='grc' dir='ltr'><strong><em>ἐκεῖνά</em></strong></span> <span class='ocrx_word' id='word_1_27' title='bbox 1306 725 1339 764; x_wconf 84' lang='grc' dir='ltr'>τε</span> 
     </span>
     <span class='ocr_line' id='line_1_5' title="bbox 203 805 1338 893; baseline 0.001 -25"><span class='ocrx_word' id='word_1_28' title='bbox 203 807 264 893; x_wconf 85' lang='grc' dir='ltr'>γὰρ</span> <span class='ocrx_word' id='word_1_29' title='bbox 287 807 469 872; x_wconf 76' lang='grc' dir='ltr'><strong><em>ἀναπολεῖν</em></strong></span> <span class='ocrx_word' id='word_1_30' title='bbox 490 807 684 893; x_wconf 75' lang='grc' dir='ltr'><strong><em>α’ρχαιότερα</em></strong></span> <span class='ocrx_word' id='word_1_31' title='bbox 707 809 807 882; x_wconf 75' lang='grc' dir='ltr'><strong><em>ἔσται,</em></strong></span> <span class='ocrx_word' id='word_1_32' title='bbox 832 810 891 870; x_wconf 81' lang='grc' dir='ltr'>νῦν</span> <span class='ocrx_word' id='word_1_33' title='bbox 913 829 946 869; x_wconf 92' lang='grc' dir='ltr'>τε</span> <span class='ocrx_word' id='word_1_34' title='bbox 968 805 1011 881; x_wconf 70' lang='grc' dir='ltr'>οἱς</span> <span class='ocrx_word' id='word_1_35' title='bbox 1034 807 1108 892; x_wconf 82' lang='grc' dir='ltr'><strong><em>περὶ</em></strong></span> <span class='ocrx_word' id='word_1_36' title='bbox 1128 807 1230 870; x_wconf 82' lang='grc' dir='ltr'><strong><em>αὑτοῦ</em></strong></span> <span class='ocrx_word' id='word_1_37' title='bbox 1244 806 1338 887; x_wconf 76' lang='grc' dir='ltr'><strong><em>λέγει.</em></strong></span> 
     </span>
     <span class='ocr_line' id='line_1_6' title="bbox 203 909 1338 994; baseline 0 -18"><span class='ocrx_word' id='word_1_38' title='bbox 203 911 254 976; x_wconf 83' lang='lat' dir='ltr'>Ex</span> <span class='ocrx_word' id='word_1_39' title='bbox 281 910 387 976; x_wconf 90' lang='lat' dir='ltr'>animo</span> <span class='ocrx_word' id='word_1_40' title='bbox 416 911 610 977; x_wconf 80' lang='lat' dir='ltr'>scholiastae</span> <span class='ocrx_word' id='word_1_41' title='bbox 641 909 881 977; x_wconf 88' lang='lat' dir='ltr'>assentiendum</span> <span class='ocrx_word' id='word_1_42' title='bbox 908 917 973 993; x_wconf 78' lang='lat' dir='ltr'>est3</span> <span class='ocrx_word' id='word_1_43' title='bbox 1008 932 1084 975; x_wconf 90' lang='lat' dir='ltr'>nam</span> <span class='ocrx_word' id='word_1_44' title='bbox 1112 911 1138 975; x_wconf 90' lang='lat' dir='ltr'>si</span> <span class='ocrx_word' id='word_1_45' title='bbox 1161 931 1224 976; x_wconf 93' lang='lat' dir='ltr'>non</span> <span class='ocrx_word' id='word_1_46' title='bbox 1246 932 1338 994; x_wconf 89' lang='lat' dir='ltr'>prae-</span> 
     </span>
     <span class='ocr_line' id='line_1_7' title="bbox 204 1013 1340 1099; baseline -0.002 -19"><span class='ocrx_word' id='word_1_47' title='bbox 204 1020 363 1099; x_wconf 88' lang='lat' dir='ltr'>occupato</span> <span class='ocrx_word' id='word_1_48' title='bbox 394 1014 512 1080; x_wconf 91' lang='lat' dir='ltr'>iudicio</span> <span class='ocrx_word' id='word_1_49' title='bbox 536 1035 647 1080; x_wconf 88' lang='lat' dir='ltr'>versus</span> <span class='ocrx_word' id='word_1_50' title='bbox 669 1014 865 1099; x_wconf 80' lang='lat' dir='ltr'>perlegimus</span> <span class='ocrx_word' id='word_1_51' title='bbox 888 1020 921 1080; x_wconf 93' lang='lat' dir='ltr'>et</span> <span class='ocrx_word' id='word_1_52' title='bbox 943 1034 1178 1099; x_wconf 90' lang='lat' dir='ltr'>percensemus,</span> <span class='ocrx_word' id='word_1_53' title='bbox 1205 1013 1284 1078; x_wconf 89' lang='lat' dir='ltr'>nihil</span> <span class='ocrx_word' id='word_1_54' title='bbox 1306 1015 1340 1078; x_wconf 93' lang='lat' dir='ltr'>in</span> 
     </span>
     <span class='ocr_line' id='line_1_8' title="bbox 204 1118 1340 1202; baseline -0.002 -18"><span class='ocrx_word' id='word_1_55' title='bbox 204 1119 251 1185; x_wconf 90' lang='lat' dir='ltr'>eis</span> <span class='ocrx_word' id='word_1_56' title='bbox 275 1118 315 1184; x_wconf 90' lang='lat' dir='ltr'>de</span> <span class='ocrx_word' id='word_1_57' title='bbox 339 1118 553 1202; x_wconf 84' lang='lat' dir='ltr'>postulatione</span> <span class='ocrx_word' id='word_1_58' title='bbox 577 1118 712 1184; x_wconf 90' lang='lat' dir='ltr'>inveniri</span> <span class='ocrx_word' id='word_1_59' title='bbox 735 1118 950 1184; x_wconf 89' lang='lat' dir='ltr'>concedamus</span> <span class='ocrx_word' id='word_1_60' title='bbox 971 1139 1104 1184; x_wconf 90' lang='lat' dir='ltr'>necesse</span> <span class='ocrx_word' id='word_1_61' title='bbox 1124 1123 1182 1184; x_wconf 87' lang='lat' dir='ltr'>est.</span> <span class='ocrx_word' id='word_1_62' title='bbox 1212 1118 1340 1184; x_wconf 83' lang='lat' dir='ltr'>Etenim</span> 
     </span>
     <span class='ocr_line' id='line_1_9' title="bbox 203 1221 1341 1308; baseline -0.003 -19"><span class='ocrx_word' id='word_1_63' title='bbox 203 1225 302 1308; x_wconf 89' lang='lat' dir='ltr'>illam,</span> <span class='ocrx_word' id='word_1_64' title='bbox 327 1241 390 1306; x_wconf 89' lang='lat' dir='ltr'>qua</span> <span class='ocrx_word' id='word_1_65' title='bbox 407 1223 506 1288; x_wconf 79' lang='lat' dir='ltr'>Cleon</span> <span class='ocrx_word' id='word_1_66' title='bbox 522 1223 740 1288; x_wconf 79' lang='lat' dir='ltr'>Callistratum</span> <span class='ocrx_word' id='word_1_67' title='bbox 761 1228 835 1306; x_wconf 89' lang='lat' dir='ltr'>post</span> <span class='ocrx_word' id='word_1_68' title='bbox 854 1221 1103 1306; x_wconf 89' lang='lat' dir='ltr'>Babyloniorum</span> <span class='ocrx_word' id='word_1_69' title='bbox 1125 1222 1286 1288; x_wconf 89' lang='lat' dir='ltr'>actionem</span> <span class='ocrx_word' id='word_1_70' title='bbox 1307 1222 1341 1286; x_wconf 92' lang='lat' dir='ltr'>in</span> 
     </span>
     <span class='ocr_line' id='line_1_10' title="bbox 204 1327 1342 1411; baseline -0.002 -17"><span class='ocrx_word' id='word_1_71' title='bbox 204 1330 253 1394; x_wconf 91' lang='lat' dir='ltr'>ius</span> <span class='ocrx_word' id='word_1_72' title='bbox 289 1333 474 1411; x_wconf 88' lang='lat' dir='ltr'>vocaverat,</span> <span class='ocrx_word' id='word_1_73' title='bbox 512 1327 756 1410; x_wconf 88' lang='lat' dir='ltr'>intelligendam</span> <span class='ocrx_word' id='word_1_74' title='bbox 793 1348 857 1392; x_wconf 93' lang='lat' dir='ltr'>non</span> <span class='ocrx_word' id='word_1_75' title='bbox 894 1346 965 1392; x_wconf 88' lang='lat' dir='ltr'>esse</span> <span class='ocrx_word' id='word_1_76' title='bbox 1001 1334 1090 1393; x_wconf 90' lang='lat' dir='ltr'>recte</span> <span class='ocrx_word' id='word_1_77' title='bbox 1122 1327 1188 1392; x_wconf 91' lang='lat' dir='ltr'>iam</span> <span class='ocrx_word' id='word_1_78' title='bbox 1220 1328 1342 1392; x_wconf 88' lang='lat' dir='ltr'>monuit</span> 
     </span>
     <span class='ocr_line' id='line_1_11' title="bbox 205 1428 1340 1514; baseline -0.002 -16"><span class='ocrx_word' id='word_1_79' title='bbox 205 1431 403 1498; x_wconf 80' lang='lat' dir='ltr'>scholiastes</span> <span class='ocrx_word' id='word_1_80' title='bbox 441 1430 577 1496; x_wconf 89' lang='lat' dir='ltr'>Poetam</span> <span class='ocrx_word' id='word_1_81' title='bbox 600 1450 676 1496; x_wconf 86' lang='lat' dir='ltr'>vero</span> <span class='ocrx_word' id='word_1_82' title='bbox 700 1429 744 1495; x_wconf 90' lang='lat' dir='ltr'>ad</span> <span class='ocrx_word' id='word_1_83' title='bbox 767 1428 887 1495; x_wconf 90' lang='lat' dir='ltr'>crimen</span> <span class='ocrx_word' id='word_1_84' title='bbox 909 1430 1150 1514; x_wconf 81' lang='lat' dir='ltr'>peregrinitatis</span> <span class='ocrx_word' id='word_1_85' title='bbox 1171 1430 1221 1496; x_wconf 90' lang='lat' dir='ltr'>his</span> <span class='ocrx_word' id='word_1_86' title='bbox 1243 1432 1340 1497; x_wconf 83' lang='lat' dir='ltr'>versi-</span> 
     </span>
     <span class='ocr_line' id='line_1_12' title="bbox 204 1533 1340 1618; baseline 0 -16"><span class='ocrx_word' id='word_1_87' title='bbox 204 1537 264 1602; x_wconf 89' lang='lat' dir='ltr'>bus</span> <span class='ocrx_word' id='word_1_88' title='bbox 302 1534 447 1601; x_wconf 83' lang='lat' dir='ltr'>allusisse</span> <span class='ocrx_word' id='word_1_89' title='bbox 484 1553 613 1618; x_wconf 90' lang='lat' dir='ltr'>prorsus</span> <span class='ocrx_word' id='word_1_90' title='bbox 650 1533 839 1600; x_wconf 80' lang='lat' dir='ltr'>incredibile</span> <span class='ocrx_word' id='word_1_91' title='bbox 877 1540 934 1600; x_wconf 87' lang='lat' dir='ltr'>est.</span> <span class='ocrx_word' id='word_1_92' title='bbox 994 1536 1078 1601; x_wconf 91' lang='lat' dir='ltr'>Nam</span> <span class='ocrx_word' id='word_1_93' title='bbox 1116 1555 1187 1600; x_wconf 91' lang='lat' dir='ltr'>curn</span> <span class='ocrx_word' id='word_1_94' title='bbox 1224 1535 1340 1602; x_wconf 87' lang='lat' dir='ltr'>vicisse</span> 
     </span>
     <span class='ocr_line' id='line_1_13' title="bbox 206 1638 1341 1724; baseline -0.004 -18"><span class='ocrx_word' id='word_1_95' title='bbox 206 1659 354 1706; x_wconf 90' lang='lat' dir='ltr'>caussam</span> <span class='ocrx_word' id='word_1_96' title='bbox 376 1644 408 1704; x_wconf 93' lang='lat' dir='ltr'>et</span> <span class='ocrx_word' id='word_1_97' title='bbox 424 1639 576 1703; x_wconf 81' lang='lat' dir='ltr'>Cleonem</span> <span class='ocrx_word' id='word_1_98' title='bbox 598 1657 768 1722; x_wconf 89' lang='lat' dir='ltr'>superasse</span> <span class='ocrx_word' id='word_1_99' title='bbox 788 1638 936 1703; x_wconf 88' lang='lat' dir='ltr'>tradatur</span> <span class='ocrx_word' id='word_1_100' title='bbox 958 1638 1111 1724; x_wconf 77' lang='grc' dir='ltr'><strong><em>(φανερὸς</em></strong></span> <span class='ocrx_word' id='word_1_101' title='bbox 1125 1641 1341 1714; x_wconf 72' lang='grc' dir='ltr'><strong><em>κατασταθεὶς</em></strong></span> 
     </span>
     <span class='ocr_line' id='line_1_14' title="bbox 206 1741 1342 1829; baseline -0.001 -20"><span class='ocrx_word' id='word_1_102' title='bbox 206 1743 341 1828; x_wconf 77' lang='grc' dir='ltr'><strong><em>πολίτης</em></strong></span> <span class='ocrx_word' id='word_1_103' title='bbox 370 1742 581 1829; x_wconf 83' lang='grc' dir='ltr'><strong><em>κατεκράτησε</em></strong></span> <span class='ocrx_word' id='word_1_104' title='bbox 610 1746 670 1806; x_wconf 81' lang='grc' dir='ltr'>τοῦ</span> <span class='ocrx_word' id='word_1_105' title='bbox 700 1741 867 1826; x_wconf 80' lang='grc' dir='ltr'><strong><em>Κλέωνος),</em></strong></span> <span class='ocrx_word' id='word_1_106' title='bbox 899 1741 1061 1808; x_wconf 84' lang='lat' dir='ltr'>hilaritate</span> <span class='ocrx_word' id='word_1_107' title='bbox 1090 1749 1123 1808; x_wconf 88' lang='lat' dir='ltr'>ct</span> <span class='ocrx_word' id='word_1_108' title='bbox 1145 1743 1265 1826; x_wconf 86' lang='lat' dir='ltr'>gaudio</span> <span class='ocrx_word' id='word_1_109' title='bbox 1288 1766 1342 1810; x_wconf 85' lang='lat' dir='ltr'>ex-</span> 
     </span>
     <span class='ocr_line' id='line_1_15' title="bbox 207 1845 1341 1933; baseline -0.001 -18"><span class='ocrx_word' id='word_1_110' title='bbox 207 1851 326 1915; x_wconf 88' lang='lat' dir='ltr'>sultare</span> <span class='ocrx_word' id='word_1_111' title='bbox 355 1847 444 1913; x_wconf 92' lang='lat' dir='ltr'>licuit</span> <span class='ocrx_word' id='word_1_112' title='bbox 472 1853 570 1928; x_wconf 92' lang='lat' dir='ltr'>atque</span> <span class='ocrx_word' id='word_1_113' title='bbox 597 1845 749 1930; x_wconf 77' lang='grc' dir='ltr'><strong><em>ὑβρίζειν,</em></strong></span> <span class='ocrx_word' id='word_1_114' title='bbox 776 1867 840 1912; x_wconf 90' lang='lat' dir='ltr'>non</span> <span class='ocrx_word' id='word_1_115' title='bbox 869 1847 1064 1931; x_wconf 73' lang='grc' dir='ltr'><strong><em>πιθηκίζειι.</em></strong></span> <span class='ocrx_word' id='word_1_116' title='bbox 1109 1848 1181 1913; x_wconf 83' lang='grc' dir='ltr'>Ηοο</span> <span class='ocrx_word' id='word_1_117' title='bbox 1203 1848 1341 1933; x_wconf 89' lang='lat' dir='ltr'>accedit,</span> 
     </span>
     <span class='ocr_line' id='line_1_16' title="bbox 209 1950 1342 2044; baseline 0 -25"><span class='ocrx_word' id='word_1_118' title='bbox 209 1954 293 2044; x_wconf 92' lang='lat' dir='ltr'>quod</span> <span class='ocrx_word' id='word_1_119' title='bbox 326 1971 367 2018; x_wconf 89' lang='lat' dir='ltr'>ne</span> <span class='ocrx_word' id='word_1_120' title='bbox 395 1972 457 2016; x_wconf 92' lang='lat' dir='ltr'>uno</span> <span class='ocrx_word' id='word_1_121' title='bbox 487 1950 615 2033; x_wconf 89' lang='lat' dir='ltr'>quidem</span> <span class='ocrx_word' id='word_1_122' title='bbox 645 1952 744 2016; x_wconf 89' lang='lat' dir='ltr'>verbo</span> <span class='ocrx_word' id='word_1_123' title='bbox 775 1971 891 2017; x_wconf 88' lang='lat' dir='ltr'>caussa</span> <span class='ocrx_word' id='word_1_124' title='bbox 914 1950 1120 2035; x_wconf 87' lang='lat' dir='ltr'>significatur,</span> <span class='ocrx_word' id='word_1_125' title='bbox 1155 1952 1213 2017; x_wconf 93' lang='lat' dir='ltr'>sed</span> <span class='ocrx_word' id='word_1_126' title='bbox 1236 1953 1342 2036; x_wconf 92' lang='lat' dir='ltr'>potius</span> 
     </span>
     <span class='ocr_line' id='line_1_17' title="bbox 207 2041 1343 2142; baseline 0.001 -20"><span class='ocrx_word' id='word_1_127' title='bbox 207 2057 342 2142; x_wconf 87' lang='lat' dir='ltr'>iurgium</span> <span class='ocrx_word' id='word_1_128' title='bbox 371 2056 497 2122; x_wconf 90' lang='lat' dir='ltr'>videtur</span> <span class='ocrx_word' id='word_1_129' title='bbox 519 2041 763 2138; x_wconf 89' lang='lat' dir='ltr'>intelligendum</span> <span class='ocrx_word' id='word_1_130' title='bbox 787 2076 868 2121; x_wconf 89' lang='lat' dir='ltr'>esse.</span> <span class='ocrx_word' id='word_1_131' title='bbox 919 2056 1046 2131; x_wconf 78' lang='grc' dir='ltr'><strong><em>Κνίζειν</em></strong></span> <span class='ocrx_word' id='word_1_132' title='bbox 1069 2055 1153 2121; x_wconf 91' lang='lat' dir='ltr'>enim</span> <span class='ocrx_word' id='word_1_133' title='bbox 1176 2063 1225 2122; x_wconf 87' lang='lat' dir='ltr'>est</span> <span class='ocrx_word' id='word_1_134' title='bbox 1247 2077 1343 2123; x_wconf 85' lang='lat' dir='ltr'>sensu</span> 
     </span>
     <span class='ocr_line' id='line_1_18' title="bbox 207 2159 1342 2246; baseline 0 -20"><span class='ocrx_word' id='word_1_135' title='bbox 207 2162 336 2246; x_wconf 91' lang='lat' dir='ltr'>proprio</span> <span class='ocrx_word' id='word_1_136' title='bbox 353 2160 483 2245; x_wconf 88' lang='lat' dir='ltr'>radere,</span> <span class='ocrx_word' id='word_1_137' title='bbox 507 2165 605 2243; x_wconf 91' lang='lat' dir='ltr'>atque</span> <span class='ocrx_word' id='word_1_138' title='bbox 627 2181 700 2226; x_wconf 90' lang='lat' dir='ltr'>mea</span> <span class='ocrx_word' id='word_1_139' title='bbox 723 2159 883 2225; x_wconf 89' lang='lat' dir='ltr'>sententia</span> <span class='ocrx_word' id='word_1_140' title='bbox 906 2159 1020 2224; x_wconf 86' lang='lat' dir='ltr'>alludit</span> <span class='ocrx_word' id='word_1_141' title='bbox 1041 2165 1139 2245; x_wconf 92' lang='lat' dir='ltr'>poeta</span> <span class='ocrx_word' id='word_1_142' title='bbox 1161 2160 1224 2225; x_wconf 91' lang='lat' dir='ltr'>hoc</span> <span class='ocrx_word' id='word_1_143' title='bbox 1243 2162 1342 2226; x_wconf 84' lang='lat' dir='ltr'>verbo</span> 
     </span>
     <span class='ocr_line' id='line_1_19' title="bbox 208 2263 1342 2350; baseline -0.001 -20"><span class='ocrx_word' id='word_1_144' title='bbox 208 2265 252 2330; x_wconf 88' lang='lat' dir='ltr'>ad</span> <span class='ocrx_word' id='word_1_145' title='bbox 286 2265 437 2330; x_wconf 82' lang='lat' dir='ltr'>Cleonem</span> <span class='ocrx_word' id='word_1_146' title='bbox 471 2264 655 2347; x_wconf 88' lang='lat' dir='ltr'>coriarium,</span> <span class='ocrx_word' id='word_1_147' title='bbox 696 2284 768 2329; x_wconf 90' lang='lat' dir='ltr'>cum</span> <span class='ocrx_word' id='word_1_148' title='bbox 795 2263 912 2348; x_wconf 90' lang='lat' dir='ltr'>pelles,</span> <span class='ocrx_word' id='word_1_149' title='bbox 953 2269 1127 2346; x_wconf 88' lang='lat' dir='ltr'>antequam</span> <span class='ocrx_word' id='word_1_150' title='bbox 1157 2264 1342 2350; x_wconf 89' lang='lat' dir='ltr'>depsuntur,</span> 
     </span>
     <span class='ocr_line' id='line_1_20' title="bbox 207 2367 1344 2454; baseline 0 -20"><span class='ocrx_word' id='word_1_151' title='bbox 207 2369 279 2434; x_wconf 89' lang='lat' dir='ltr'>radi</span> <span class='ocrx_word' id='word_1_152' title='bbox 302 2374 459 2454; x_wconf 86' lang='lat' dir='ltr'>oporteat,</span> <span class='ocrx_word' id='word_1_153' title='bbox 474 2375 517 2434; x_wconf 83' lang='lat' dir='ltr'>ut</span> <span class='ocrx_word' id='word_1_154' title='bbox 540 2369 660 2434; x_wconf 90' lang='lat' dir='ltr'>vellere</span> <span class='ocrx_word' id='word_1_155' title='bbox 684 2374 717 2433; x_wconf 92' lang='lat' dir='ltr'>et</span> <span class='ocrx_word' id='word_1_156' title='bbox 739 2367 834 2434; x_wconf 90' lang='lat' dir='ltr'>sorde</span> <span class='ocrx_word' id='word_1_157' title='bbox 849 2367 1033 2433; x_wconf 87' lang='lat' dir='ltr'>hberentur.</span> <span class='ocrx_word' id='word_1_158' title='bbox 1064 2368 1160 2434; x_wconf 69' lang='lat' dir='ltr'>(terte</span> <span class='ocrx_word' id='word_1_159' title='bbox 1176 2368 1344 2451; x_wconf 91' lang='lat' dir='ltr'>insequen-</span> 
     </span>
     <span class='ocr_line' id='line_1_21' title="bbox 207 2471 1343 2558; baseline 0 -20"><span class='ocrx_word' id='word_1_160' title='bbox 207 2473 293 2539; x_wconf 91' lang='lat' dir='ltr'>tibus</span> <span class='ocrx_word' id='word_1_161' title='bbox 320 2472 427 2540; x_wconf 87' lang='lat' dir='ltr'>verbis</span> <span class='ocrx_word' id='word_1_162' title='bbox 449 2471 569 2538; x_wconf 90' lang='lat' dir='ltr'>similes</span> <span class='ocrx_word' id='word_1_163' title='bbox 590 2471 825 2537; x_wconf 88' lang='lat' dir='ltr'>ludificationes</span> <span class='ocrx_word' id='word_1_164' title='bbox 847 2471 970 2537; x_wconf 87' lang='lat' dir='ltr'>insunt:</span> <span class='ocrx_word' id='word_1_165' title='bbox 1004 2471 1191 2558; x_wconf 77' lang='grc' dir='ltr'><strong><em>αποδείρειο</em></strong></span> <span class='ocrx_word' id='word_1_166' title='bbox 1214 2473 1343 2556; x_wconf 89' lang='lat' dir='ltr'>quidem</span> 
     </span>
     <span class='ocr_line' id='line_1_22' title="bbox 208 2574 1345 2662; baseline -0.002 -18"><span class='ocrx_word' id='word_1_167' title='bbox 208 2582 335 2662; x_wconf 87' lang='lat' dir='ltr'>spectat</span> <span class='ocrx_word' id='word_1_168' title='bbox 362 2576 405 2642; x_wconf 91' lang='lat' dir='ltr'>ad</span> <span class='ocrx_word' id='word_1_169' title='bbox 434 2575 603 2641; x_wconf 91' lang='lat' dir='ltr'>coriarium</span> <span class='ocrx_word' id='word_1_170' title='bbox 625 2595 730 2657; x_wconf 91' lang='lat' dir='ltr'>neque</span> <span class='ocrx_word' id='word_1_171' title='bbox 753 2596 817 2640; x_wconf 92' lang='lat' dir='ltr'>non</span> <span class='ocrx_word' id='word_1_172' title='bbox 840 2577 939 2641; x_wconf 88' lang='lat' dir='ltr'>verbo</span> <span class='ocrx_word' id='word_1_173' title='bbox 962 2574 1090 2657; x_wconf 76' lang='grc' dir='ltr'><strong><em>θλίβειν</em></strong></span> <span class='ocrx_word' id='word_1_174' title='bbox 1111 2596 1164 2641; x_wconf 92' lang='lat' dir='ltr'>ars</span> <span class='ocrx_word' id='word_1_175' title='bbox 1187 2576 1345 2661; x_wconf 77' lang='lat' dir='ltr'>deprendi</span> 
     </span>
     <span class='ocr_line' id='line_1_23' title="bbox 207 2679 1343 2764; baseline -0.002 -18"><span class='ocrx_word' id='word_1_176' title='bbox 207 2686 345 2747; x_wconf 90' lang='lat' dir='ltr'>notatur.</span> <span class='ocrx_word' id='word_1_177' title='bbox 390 2683 506 2762; x_wconf 89' lang='lat' dir='ltr'>ltaque</span> <span class='ocrx_word' id='word_1_178' title='bbox 538 2679 692 2745; x_wconf 87' lang='lat' dir='ltr'>tractavit</span> <span class='ocrx_word' id='word_1_179' title='bbox 720 2700 781 2763; x_wconf 89' lang='lat' dir='ltr'>me,</span> <span class='ocrx_word' id='word_1_180' title='bbox 816 2685 915 2764; x_wconf 91' lang='lat' dir='ltr'>poeta</span> <span class='ocrx_word' id='word_1_181' title='bbox 941 2679 1053 2764; x_wconf 93' lang='lat' dir='ltr'>inquit,</span> <span class='ocrx_word' id='word_1_182' title='bbox 1087 2680 1222 2764; x_wconf 90' lang='lat' dir='ltr'>proinde</span> <span class='ocrx_word' id='word_1_183' title='bbox 1251 2681 1343 2764; x_wconf 87' lang='lat' dir='ltr'>quasi</span> 
     </span>
     <span class='ocr_line' id='line_1_24' title="bbox 207 2783 1344 2868; baseline -0.001 -19"><span class='ocrx_word' id='word_1_184' title='bbox 207 2785 240 2850; x_wconf 92' lang='lat' dir='ltr'>in</span> <span class='ocrx_word' id='word_1_185' title='bbox 263 2784 393 2851; x_wconf 83' lang='lat' dir='ltr'>officina</span> <span class='ocrx_word' id='word_1_186' title='bbox 415 2804 474 2850; x_wconf 91' lang='lat' dir='ltr'>sua</span> <span class='ocrx_word' id='word_1_187' title='bbox 497 2783 635 2850; x_wconf 86' lang='lat' dir='ltr'>coriaria</span> <span class='ocrx_word' id='word_1_188' title='bbox 657 2784 775 2868; x_wconf 93' lang='lat' dir='ltr'>pellem</span> <span class='ocrx_word' id='word_1_189' title='bbox 797 2783 971 2866; x_wconf 89' lang='lat' dir='ltr'>subigeret.</span> <span class='ocrx_word' id='word_1_190' title='bbox 1003 2783 1074 2848; x_wconf 92' lang='lat' dir='ltr'>Vim</span> <span class='ocrx_word' id='word_1_191' title='bbox 1097 2784 1272 2851; x_wconf 87' lang='lat' dir='ltr'>accusandi</span> <span class='ocrx_word' id='word_1_192' title='bbox 1294 2784 1344 2849; x_wconf 90' lang='lat' dir='ltr'>his</span> 
     </span>
     <span class='ocr_line' id='line_1_25' title="bbox 208 2877 1344 2971; baseline 0 -17"><span class='ocrx_word' id='word_1_193' title='bbox 208 2877 315 2956; x_wconf 80' lang='lat' dir='ltr'>uerbis</span> <span class='ocrx_word' id='word_1_194' title='bbox 338 2889 443 2954; x_wconf 88' lang='lat' dir='ltr'>inesse</span> <span class='ocrx_word' id='word_1_195' title='bbox 460 2889 545 2953; x_wconf 93' lang='lat' dir='ltr'>nullo</span> <span class='ocrx_word' id='word_1_196' title='bbox 561 2891 749 2970; x_wconf 89' lang='lat' dir='ltr'>argumento</span> <span class='ocrx_word' id='word_1_197' title='bbox 765 2886 926 2970; x_wconf 91' lang='lat' dir='ltr'>probabili</span> <span class='ocrx_word' id='word_1_198' title='bbox 940 2886 1098 2970; x_wconf 71' lang='lat' dir='ltr'>firmatur,</span> <span class='ocrx_word' id='word_1_199' title='bbox 1121 2887 1199 2952; x_wconf 92' lang='lat' dir='ltr'>mihi</span> <span class='ocrx_word' id='word_1_200' title='bbox 1215 2889 1344 2971; x_wconf 88' lang='lat' dir='ltr'>quidem</span> 
     </span>
     <span class='ocr_line' id='line_1_26' title="bbox 208 2990 1345 3076; baseline -0.002 -18"><span class='ocrx_word' id='word_1_201' title='bbox 208 3015 272 3060; x_wconf 90' lang='lat' dir='ltr'>non</span> <span class='ocrx_word' id='word_1_202' title='bbox 305 2991 554 3076; x_wconf 88' lang='lat' dir='ltr'>accusationem,</span> <span class='ocrx_word' id='word_1_203' title='bbox 595 2990 653 3057; x_wconf 91' lang='lat' dir='ltr'>sed</span> <span class='ocrx_word' id='word_1_204' title='bbox 685 2990 789 3056; x_wconf 83' lang='lat' dir='ltr'>rixam</span> <span class='ocrx_word' id='word_1_205' title='bbox 821 2990 925 3055; x_wconf 86' lang='lat' dir='ltr'>notari</span> <span class='ocrx_word' id='word_1_206' title='bbox 959 3010 1146 3074; x_wconf 89' lang='lat' dir='ltr'>persuasum</span> <span class='ocrx_word' id='word_1_207' title='bbox 1179 2997 1238 3075; x_wconf 89' lang='lat' dir='ltr'>est,</span> <span class='ocrx_word' id='word_1_208' title='bbox 1273 3002 1345 3057; x_wconf 86' lang='lat' dir='ltr'>oum</span> 
     </span>
     <span class='ocr_line' id='line_1_27' title="bbox 209 3093 1345 3183; baseline -0.001 -20"><span class='ocrx_word' id='word_1_209' title='bbox 209 3097 397 3183; x_wconf 90' lang='lat' dir='ltr'>praesertim</span> <span class='ocrx_word' id='word_1_210' title='bbox 428 3101 462 3161; x_wconf 93' lang='lat' dir='ltr'>ut</span> <span class='ocrx_word' id='word_1_211' title='bbox 489 3094 567 3159; x_wconf 92' lang='lat' dir='ltr'>nihil</span> <span class='ocrx_word' id='word_1_212' title='bbox 598 3093 638 3160; x_wconf 91' lang='lat' dir='ltr'>de</span> <span class='ocrx_word' id='word_1_213' title='bbox 667 3093 857 3160; x_wconf 89' lang='lat' dir='ltr'>liberatione</span> <span class='ocrx_word' id='word_1_214' title='bbox 880 3093 927 3158; x_wconf 90' lang='lat' dir='ltr'>ita</span> <span class='ocrx_word' id='word_1_215' title='bbox 949 3114 990 3158; x_wconf 92' lang='lat' dir='ltr'>ne</span> <span class='ocrx_word' id='word_1_216' title='bbox 1013 3093 1054 3158; x_wconf 92' lang='lat' dir='ltr'>de</span> <span class='ocrx_word' id='word_1_217' title='bbox 1077 3095 1345 3162; x_wconf 87' lang='lat' dir='ltr'>condemnatione</span> 
     </span>
     <span class='ocr_line' id='line_1_28' title="bbox 210 3196 1345 3283; baseline -0.002 -17"><span class='ocrx_word' id='word_1_218' title='bbox 210 3201 339 3283; x_wconf 92' lang='lat' dir='ltr'>quidem</span> <span class='ocrx_word' id='word_1_219' title='bbox 355 3200 527 3283; x_wconf 91' lang='lat' dir='ltr'>quicquam</span> <span class='ocrx_word' id='word_1_220' title='bbox 540 3199 677 3281; x_wconf 89' lang='lat' dir='ltr'>legatur.</span> <span class='ocrx_word' id='word_1_221' title='bbox 709 3197 820 3264; x_wconf 84' lang='lat' dir='ltr'>Oleoni</span> <span class='ocrx_word' id='word_1_222' title='bbox 837 3196 981 3280; x_wconf 89' lang='lat' dir='ltr'>contigit,</span> <span class='ocrx_word' id='word_1_223' title='bbox 1004 3203 1039 3262; x_wconf 96' lang='lat' dir='ltr'>ut</span> <span class='ocrx_word' id='word_1_224' title='bbox 1054 3203 1185 3282; x_wconf 85' lang='lat' dir='ltr'>poetam</span> <span class='ocrx_word' id='word_1_225' title='bbox 1200 3199 1345 3266; x_wconf 88' lang='lat' dir='ltr'>odiosum</span> 
     </span>
     <span class='ocr_line' id='line_1_29' title="bbox 208 3301 1346 3388; baseline -0.002 -18"><span class='ocrx_word' id='word_1_226' title='bbox 208 3305 317 3370; x_wconf 91' lang='lat' dir='ltr'>nescio</span> <span class='ocrx_word' id='word_1_227' title='bbox 342 3325 403 3388; x_wconf 92' lang='lat' dir='ltr'>quo</span> <span class='ocrx_word' id='word_1_228' title='bbox 426 3302 521 3368; x_wconf 92' lang='lat' dir='ltr'>modo</span> <span class='ocrx_word' id='word_1_229' title='bbox 544 3302 748 3387; x_wconf 87' lang='lat' dir='ltr'>perturbaret</span> <span class='ocrx_word' id='word_1_230' title='bbox 771 3307 804 3366; x_wconf 90' lang='lat' dir='ltr'>et</span> <span class='ocrx_word' id='word_1_231' title='bbox 820 3301 1036 3386; x_wconf 89' lang='lat' dir='ltr'>compelleret,</span> <span class='ocrx_word' id='word_1_232' title='bbox 1059 3307 1095 3367; x_wconf 93' lang='lat' dir='ltr'>ut</span> <span class='ocrx_word' id='word_1_233' title='bbox 1110 3302 1234 3368; x_wconf 90' lang='lat' dir='ltr'>omissis</span> <span class='ocrx_word' id='word_1_234' title='bbox 1249 3305 1346 3387; x_wconf 91' lang='lat' dir='ltr'>sugil-</span> 
     </span>
     <span class='ocr_line' id='line_1_30' title="bbox 209 3405 1345 3492; baseline 0.002 -20"><span class='ocrx_word' id='word_1_235' title='bbox 209 3408 381 3474; x_wconf 89' lang='lat' dir='ltr'>lationibus</span> <span class='ocrx_word' id='word_1_236' title='bbox 405 3407 603 3490; x_wconf 88' lang='lat' dir='ltr'>aliquamdiu</span> <span class='ocrx_word' id='word_1_237' title='bbox 626 3406 813 3472; x_wconf 88' lang='lat' dir='ltr'>adularetur</span> <span class='ocrx_word' id='word_1_238' title='bbox 834 3406 887 3470; x_wconf 84' lang='lat' dir='ltr'>uel</span> <span class='ocrx_word' id='word_1_239' title='bbox 910 3405 1049 3471; x_wconf 87' lang='lat' dir='ltr'>caudam</span> <span class='ocrx_word' id='word_1_240' title='bbox 1070 3406 1209 3473; x_wconf 85' lang='lat' dir='ltr'>iactaret</span> <span class='ocrx_word' id='word_1_241' title='bbox 1224 3409 1345 3492; x_wconf 88' lang='lat' dir='ltr'>popelli</span> 
     </span>
     <span class='ocr_line' id='line_1_31' title="bbox 211 3508 1346 3596; baseline 0.004 -23"><span class='ocrx_word' id='word_1_242' title='bbox 211 3509 357 3593; x_wconf 89' lang='lat' dir='ltr'>principi.</span> <span class='ocrx_word' id='word_1_243' title='bbox 403 3511 473 3587; x_wconf 79' lang='lat' dir='ltr'>Quo</span> <span class='ocrx_word' id='word_1_244' title='bbox 499 3511 593 3578; x_wconf 92' lang='lat' dir='ltr'>modo</span> <span class='ocrx_word' id='word_1_245' title='bbox 616 3509 849 3594; x_wconf 84' lang='lat' dir='ltr'>Aristophanes</span> <span class='ocrx_word' id='word_1_246' title='bbox 875 3508 1035 3576; x_wconf 91' lang='lat' dir='ltr'>hominem</span> <span class='ocrx_word' id='word_1_247' title='bbox 1057 3513 1246 3596; x_wconf 88' lang='lat' dir='ltr'>popularem</span> <span class='ocrx_word' id='word_1_248' title='bbox 1268 3512 1346 3578; x_wconf 88' lang='lat' dir='ltr'>adu·</span> 
     </span>
     <span class='ocr_line' id='line_1_32' title="bbox 212 3612 1345 3701; baseline 0.004 -25"><span class='ocrx_word' id='word_1_249' title='bbox 212 3613 296 3678; x_wconf 90' lang='lat' dir='ltr'>latus</span> <span class='ocrx_word' id='word_1_250' title='bbox 308 3612 358 3696; x_wconf 90' lang='lat' dir='ltr'>sit,</span> <span class='ocrx_word' id='word_1_251' title='bbox 371 3613 539 3697; x_wconf 90' lang='lat' dir='ltr'>nescimus,</span> <span class='ocrx_word' id='word_1_252' title='bbox 556 3613 613 3679; x_wconf 91' lang='lat' dir='ltr'>sed</span> <span class='ocrx_word' id='word_1_253' title='bbox 629 3613 785 3697; x_wconf 87' lang='lat' dir='ltr'>suspicari</span> <span class='ocrx_word' id='word_1_254' title='bbox 801 3613 891 3696; x_wconf 72' lang='lat' dir='ltr'>licet,</span> <span class='ocrx_word' id='word_1_255' title='bbox 909 3619 1007 3696; x_wconf 89' lang='lat' dir='ltr'>atque</span> <span class='ocrx_word' id='word_1_256' title='bbox 1018 3613 1155 3680; x_wconf 92' lang='lat' dir='ltr'>libenter</span> <span class='ocrx_word' id='word_1_257' title='bbox 1166 3617 1345 3701; x_wconf 89' lang='lat' dir='ltr'>Droysen0,</span> 
     </span>
     <span class='ocr_line' id='line_1_33' title="bbox 211 3716 1347 3802; baseline 0.003 -20"><span class='ocrx_word' id='word_1_258' title='bbox 211 3716 348 3802; x_wconf 89' lang='lat' dir='ltr'>Koehio,</span> <span class='ocrx_word' id='word_1_259' title='bbox 371 3717 504 3783; x_wconf 79' lang='lat' dir='ltr'>Mttllero</span> <span class='ocrx_word' id='word_1_260' title='bbox 520 3717 742 3801; x_wconf 80' lang='lat' dir='ltr'>Strdbingensi</span> <span class='ocrx_word' id='word_1_261' title='bbox 765 3716 932 3801; x_wconf 89' lang='lat' dir='ltr'>assentior,</span> <span class='ocrx_word' id='word_1_262' title='bbox 956 3717 1011 3800; x_wconf 94' lang='lat' dir='ltr'>qui</span> <span class='ocrx_word' id='word_1_263' title='bbox 1033 3718 1065 3782; x_wconf 93' lang='lat' dir='ltr'>in</span> <span class='ocrx_word' id='word_1_264' title='bbox 1080 3718 1219 3784; x_wconf 90' lang='lat' dir='ltr'>Nubium</span> <span class='ocrx_word' id='word_1_265' title='bbox 1234 3717 1347 3786; x_wconf 86' lang='lat' dir='ltr'>fabula</span> 
     </span>
     <span class='ocr_line' id='line_1_34' title="bbox 211 3820 1347 3906; baseline 0.001 -20"><span class='ocrx_word' id='word_1_266' title='bbox 211 3826 341 3906; x_wconf 90' lang='lat' dir='ltr'>poetam</span> <span class='ocrx_word' id='word_1_267' title='bbox 368 3821 402 3886; x_wconf 93' lang='lat' dir='ltr'>id</span> <span class='ocrx_word' id='word_1_268' title='bbox 430 3820 535 3904; x_wconf 81' lang='lat' dir='ltr'>egisse</span> <span class='ocrx_word' id='word_1_269' title='bbox 562 3821 623 3887; x_wconf 91' lang='lat' dir='ltr'>sibi</span> <span class='ocrx_word' id='word_1_270' title='bbox 650 3826 887 3905; x_wconf 89' lang='lat' dir='ltr'>persuaserunt.</span> <span class='ocrx_word' id='word_1_271' title='bbox 937 3821 1051 3903; x_wconf 89' lang='lat' dir='ltr'>Neque</span> <span class='ocrx_word' id='word_1_272' title='bbox 1081 3842 1157 3886; x_wconf 92' lang='lat' dir='ltr'>vero</span> <span class='ocrx_word' id='word_1_273' title='bbox 1180 3821 1226 3886; x_wconf 90' lang='lat' dir='ltr'>ita</span> <span class='ocrx_word' id='word_1_274' title='bbox 1248 3824 1347 3888; x_wconf 91' lang='lat' dir='ltr'>multo</span> 
     </span>
     <span class='ocr_line' id='line_1_35' title="bbox 210 3924 1347 4011; baseline 0.003 -20"><span class='ocrx_word' id='word_1_275' title='bbox 210 3931 283 4009; x_wconf 91' lang='lat' dir='ltr'>post</span> <span class='ocrx_word' id='word_1_276' title='bbox 298 3925 532 4011; x_wconf 82' lang='lat' dir='ltr'>Aristophanes</span> <span class='ocrx_word' id='word_1_277' title='bbox 554 3925 630 4009; x_wconf 93' lang='lat' dir='ltr'>iugo</span> <span class='ocrx_word' id='word_1_278' title='bbox 647 3947 781 3992; x_wconf 85' lang='lat' dir='ltr'>excusso</span> <span class='ocrx_word' id='word_1_279' title='bbox 798 3924 926 3991; x_wconf 88' lang='lat' dir='ltr'>coriarii</span> <span class='ocrx_word' id='word_1_280' title='bbox 940 3924 1074 4010; x_wconf 91' lang='lat' dir='ltr'>imperio</span> <span class='ocrx_word' id='word_1_281' title='bbox 1090 3927 1347 4010; x_wconf 88' lang='lat' dir='ltr'>auctoritateque</span> 
     </span>
     <span class='ocr_line' id='line_1_36' title="bbox 210 4029 1348 4117; baseline 0.004 -23"><span class='ocrx_word' id='word_1_282' title='bbox 210 4048 245 4094; x_wconf 92' lang='lat' dir='ltr'>se</span> <span class='ocrx_word' id='word_1_283' title='bbox 269 4030 414 4096; x_wconf 83' lang='lat' dir='ltr'>exsolvit.</span> <span class='ocrx_word' id='word_1_284' title='bbox 465 4029 526 4107; x_wconf 78' lang='lat' dir='ltr'>Qui</span> <span class='ocrx_word' id='word_1_285' title='bbox 554 4029 623 4095; x_wconf 92' lang='lat' dir='ltr'>fieri</span> <span class='ocrx_word' id='word_1_286' title='bbox 646 4030 795 4114; x_wconf 91' lang='lat' dir='ltr'>potuerit,</span> <span class='ocrx_word' id='word_1_287' title='bbox 824 4035 859 4096; x_wconf 92' lang='lat' dir='ltr'>ut</span> <span class='ocrx_word' id='word_1_288' title='bbox 882 4030 981 4095; x_wconf 80' lang='lat' dir='ltr'>Cleon</span> <span class='ocrx_word' id='word_1_289' title='bbox 1004 4036 1122 4114; x_wconf 88' lang='lat' dir='ltr'>poetae</span> <span class='ocrx_word' id='word_1_290' title='bbox 1145 4037 1269 4096; x_wconf 88' lang='lat' dir='ltr'>tanturn</span> <span class='ocrx_word' id='word_1_291' title='bbox 1291 4053 1348 4117; x_wconf 90' lang='lat' dir='ltr'>pa-</span> 
     </span>
     <span class='ocr_line' id='line_1_37' title="bbox 210 4134 1360 4222; baseline 0.003 -23"><span class='ocrx_word' id='word_1_292' title='bbox 210 4156 319 4201; x_wconf 89' lang='lat' dir='ltr'>vorem</span> <span class='ocrx_word' id='word_1_293' title='bbox 352 4134 520 4217; x_wconf 88' lang='lat' dir='ltr'>incuteret,</span> <span class='ocrx_word' id='word_1_294' title='bbox 555 4139 587 4200; x_wconf 94' lang='lat' dir='ltr'>et</span> <span class='ocrx_word' id='word_1_295' title='bbox 621 4135 675 4217; x_wconf 94' lang='lat' dir='ltr'>qui</span> <span class='ocrx_word' id='word_1_296' title='bbox 709 4140 776 4200; x_wconf 90' lang='lat' dir='ltr'>tum</span> <span class='ocrx_word' id='word_1_297' title='bbox 809 4135 931 4201; x_wconf 87' lang='lat' dir='ltr'>facturn</span> <span class='ocrx_word' id='word_1_298' title='bbox 962 4135 1012 4219; x_wconf 90' lang='lat' dir='ltr'>sit,</span> <span class='ocrx_word' id='word_1_299' title='bbox 1047 4142 1081 4201; x_wconf 95' lang='lat' dir='ltr'>ut</span> <span class='ocrx_word' id='word_1_300' title='bbox 1111 4135 1130 4219; x_wconf 76' lang='grc' dir='ltr'><em>ἡ</em></span> <span class='ocrx_word' id='word_1_301' title='bbox 1157 4135 1261 4221; x_wconf 79' lang='grc' dir='ltr'><strong><em>χάραξ</em></strong></span> <span class='ocrx_word' id='word_1_302' title='bbox 1290 4138 1360 4222; x_wconf 76' lang='grc' dir='ltr'>τὴν</span> 
     </span>
     <span class='ocr_line' id='line_1_38' title="bbox 210 4236 1347 4326; baseline 0.006 -26"><span class='ocrx_word' id='word_1_303' title='bbox 210 4237 359 4321; x_wconf 77' lang='grc' dir='ltr'><strong><em>ἄμπελον</em></strong></span> <span class='ocrx_word' id='word_1_304' title='bbox 387 4236 587 4321; x_wconf 77' lang='grc' dir='ltr'><strong><em>ἐξαπατῆσαι</em></strong></span> <span class='ocrx_word' id='word_1_305' title='bbox 617 4244 736 4322; x_wconf 87' lang='lat' dir='ltr'>posset,</span> <span class='ocrx_word' id='word_1_306' title='bbox 767 4239 800 4303; x_wconf 93' lang='lat' dir='ltr'>in</span> <span class='ocrx_word' id='word_1_307' title='bbox 822 4239 1002 4322; x_wconf 84' lang='lat' dir='ltr'>Vesperum</span> <span class='ocrx_word' id='word_1_308' title='bbox 1031 4259 1146 4322; x_wconf 89' lang='lat' dir='ltr'>nempe</span> <span class='ocrx_word' id='word_1_309' title='bbox 1170 4241 1347 4326; x_wconf 87' lang='lat' dir='ltr'>comoedia,</span> 
     </span>
     <span class='ocr_line' id='line_1_39' title="bbox 210 4340 1348 4428; baseline 0.004 -22"><span class='ocrx_word' id='word_1_310' title='bbox 210 4362 271 4408; x_wconf 90' lang='lat' dir='ltr'>neo</span> <span class='ocrx_word' id='word_1_311' title='bbox 298 4341 415 4408; x_wconf 90' lang='lat' dir='ltr'>scimus</span> <span class='ocrx_word' id='word_1_312' title='bbox 442 4360 504 4406; x_wconf 89' lang='lat' dir='ltr'>nec</span> <span class='ocrx_word' id='word_1_313' title='bbox 534 4340 724 4426; x_wconf 89' lang='lat' dir='ltr'>divinamus,</span> <span class='ocrx_word' id='word_1_314' title='bbox 761 4348 859 4423; x_wconf 92' lang='lat' dir='ltr'>atque</span> <span class='ocrx_word' id='word_1_315' title='bbox 890 4362 1000 4407; x_wconf 90' lang='lat' dir='ltr'>omnes</span> <span class='ocrx_word' id='word_1_316' title='bbox 1028 4341 1242 4428; x_wconf 88' lang='lat' dir='ltr'>coniecturae,</span> <span class='ocrx_word' id='word_1_317' title='bbox 1277 4365 1348 4412; x_wconf 90' lang='lat' dir='ltr'>curn</span> 
     </span>
     <span class='ocr_line' id='line_1_40' title="bbox 210 4445 952 4534; baseline 0.003 -24"><span class='ocrx_word' id='word_1_318' title='bbox 210 4467 315 4513; x_wconf 88' lang='lat' dir='ltr'>vanae</span> <span class='ocrx_word' id='word_1_319' title='bbox 338 4446 401 4512; x_wconf 92' lang='lat' dir='ltr'>sint</span> <span class='ocrx_word' id='word_1_320' title='bbox 425 4450 457 4512; x_wconf 91' lang='lat' dir='ltr'>et</span> <span class='ocrx_word' id='word_1_321' title='bbox 479 4445 602 4528; x_wconf 88' lang='lat' dir='ltr'>inanes,</span> <span class='ocrx_word' id='word_1_322' title='bbox 624 4446 848 4534; x_wconf 87' lang='lat' dir='ltr'>repudiandae</span> <span class='ocrx_word' id='word_1_323' title='bbox 871 4452 952 4512; x_wconf 92' lang='lat' dir='ltr'>sunt.</span> 
     </span>
    </p>
   </div>
   <div class='ocr_carea' id='block_1_3' title="bbox 0 0 1600 4992">
    <p class='ocr_par' dir='ltr' id='par_1_3' title="bbox 0 0 1600 4992">
     <span class='ocr_line' id='line_1_41' title="bbox 0 0 1600 4992; baseline 0 0"><span class='ocrx_word' id='word_1_324' title='bbox 0 0 1600 4992; x_wconf 95' lang='lat' dir='ltr'> </span> 
     </span>
    </p>
   </div>
  </div>
 </body>
</html>
