3167 4992
665 285 790 388 „⁵53
839 363 874 371 ..

204 517 294 598 latet,
317 537 380 580 non
403 515 487 579 adeo
510 521 660 598 corrupta
682 514 732 597 sit,
755 519 790 578 ut
813 534 939 579 omnem
960 514 1057 579 fidem
1079 515 1109 580 ei
1133 515 1292 598 derogare
1309 523 1342 580 et

132 639 134 648 ’
205 621 301 704 plane
335 619 379 684 ad
408 617 572 682 libidinem
601 618 709 682 lacere
736 617 843 682 liceat.
893 617 1026 683 Richter
1053 626 1161 684 autem
1190 619 1271 684 duas
1294 620 1340 684 di-

206 724 367 789 dascalias
394 723 446 788 hic
473 722 714 788 consarcinatus
742 741 814 787 esse
844 722 1006 805 opinatur,
1042 743 1123 805 quas
1150 743 1207 788 suo
1237 725 1340 789 Marte

206 827 305 892 audet
331 827 378 892 sic
407 825 586 907 restituere,
615 831 650 889 ut
671 827 821 907 Prcagon
843 825 994 909 Lenaeis,
1023 826 1154 910 Vespae
1177 826 1342 911 Dionysiis

205 931 330 1014 magnis
353 938 448 996 actae
472 949 542 996 esse
566 930 745 995 videantur.
776 931 818 994 Et
843 931 1074 1014 „Proagcnem
1099 930 1210 1013 inquit,
1234 931 1342 1014 paullo
1393 947 1399 956 ·

206 1041 281 1100 ante
304 1035 429 1117 Vespas
458 1033 587 1098 doctam
616 1052 687 1098 esse
716 1033 767 1097 vel
783 1031 911 1097 'comici
939 1034 1039 1097 verba
1061 1032 1214 1116 indicant,
1244 1033 1340 1117 Vesp.

206 1159 251 1203 vs.
265 1140 321 1203 60:
339 1158 410 1202 cum
425 1142 625 1221 spectatores
641 1142 744 1219 rogat,
761 1157 802 1200 ne
818 1135 910 1200 nimis
927 1135 1005 1217 quid
1019 1136 1130 1218 magni
1142 1142 1341 1220 exspectent,

206 1242 300 1307 modo
333 1262 372 1306 ne
406 1240 469 1306 sint
503 1239 565 1305 ioci
591 1239 747 1322 Megarici
779 1259 863 1304 neve
897 1239 952 1304 alii
986 1239 1028 1304 ab
1061 1239 1133 1324 ipso
1161 1240 1227 1305 iam
1256 1240 1343 1324 prius

206 1345 369 1430 producti:

360 1449 438 1512 οὔθ’
461 1447 617 1534 Ἡρακλῆς
639 1448 676 1510 τὸ
700 1446 837 1510 δεῖπνον
858 1446 1120 1529 ἐξαπατώμενος,

361 1553 433 1616 οὐδ’
457 1552 557 1626 αὖθις
580 1535 1113 1636 ἀνασελγαινόμενος.Εὐριπίδης·

362 1655 435 1718 οὐδ’
457 1658 486 1717 εἰ
508 1655 617 1718 Κλέων
639 1656 669 1734 γ’
693 1654 820 1737 ἔλαμψε
842 1658 897 1738 τῆς
920 1655 1017 1738 τύχης
1040 1653 1146 1740 χάριν,

360 1759 460 1832 αὖθις
483 1760 540 1822 τὸν
561 1759 662 1822 αὐτὸν
683 1758 789 1844 ἄνδρα
811 1758 1105 1840 μυττιοτεύσομενέι

206 1862 452 1946 Aristophanem
486 1863 535 1927 his
566 1862 710 1929 versibus
738 1882 813 1927 snas
841 1867 965 1927 tantum
994 1862 1124 1927 fabulas
1150 1861 1341 1944 respexisse,

207 1966 292 2046 quod
335 1973 368 2030 et
404 1968 589 2050 Droysenus
631 1972 729 2047 atque
767 1965 1030 2030 Wilamowitzins
1067 1965 1222 2049 suspicati
1259 1971 1341 2047 sunt,

149 2113 153 2121 ·
206 2068 345 2134 idoneis.
360 2067 555 2162 argumentis
578 2090 638 2133 nec
660 2068 790 2152 probari
813 2074 920 2152 potest
941 2089 1003 2134 nec
1025 2068 1148 2150 refelli3
1176 2068 1253 2132 mihi
1275 2069 1342 2150 qui-

207 2172 280 2236 dem
303 2171 436 2236 aliorum
460 2192 586 2254 quoquc
610 2171 795 2236 comoedias
814 2171 1043 2253 intelligendas
1058 2191 1129 2236 esse
1144 2171 1342 2254 probabilius

207 2274 347 2357 videtur3
372 2263 413 2339 cf,
429 2276 555 2358 Lubke,
580 2276 663 2339 obss.
688 2275 756 2339 crit.
774 2294 850 2358 pag.
866 2275 919 2356 40,
944 2273 997 2355 qui
1021 2275 1084 2339 duo
1105 2274 1342 2339 comcediamm

206 2397 327 2459 genera
362 2378 589 2460 distinguenda
623 2377 723 2443 duxit.
780 2377 848 2443 Sed
880 2383 951 2442 utut
978 2397 1029 2443 res
1057 2397 1092 2442 se
1120 2377 1230 2460 habet,
1264 2378 1342 2442 nihil

207 2501 405 2564 consequens
429 2489 487 2565 est,
512 2488 546 2547 ut
563 2484 712 2565 Proagon
727 2482 844 2566 Vespis
866 2488 1010 2566 tempore
1026 2482 1246 2565 antecesserit,
1270 2501 1341 2547 cum
1435 2558 1442 2568 ,

205 2605 331 2650 versum
354 2587 395 2650 61
429 2585 473 2651 ad
500 2586 725 2651 Acharnenses
760 2586 880 2650 referre
914 2585 1062 2651 sufficiat.
1110 2586 1225 2667 Neque
1252 2585 1342 2651 scho-

206 2689 317 2754 liastes
351 2688 522 2771 quicquam
556 2691 694 2773 probare
728 2694 849 2772 potest,
889 2689 943 2771 qui
976 2697 1154 2773 temporum
1186 2689 1342 2754 rationem

207 2792 355 2856 habuerit
377 2803 506 2876 prorsus
528 2794 648 2858 nullam
664 2793 706 2858 ad
722 2812 767 2857 vs.
785 2794 841 2857 61:
865 2793 935 2854 κατ’
958 2793 1060 2856 αὐτοῦ
1082 2794 1142 2878 γὰρ
1166 2798 1222 2875 (sc.
1239 2794 1341 2878 Εὐρι-

208 2894 324 2976 πίδου)
352 2898 475 2979 καθῆκε
502 2897 558 2969 τὰς
585 2895 927 2981 Θεσμοφοριαζούσας.
965 2895 1063 2978 φησὶν
1092 2894 1165 2958 οὖν·
1200 2897 1240 2959 cd
1264 2895 1341 2959 δεύ-

208 3020 300 3082 τερον
322 2998 548 3082 ταοτολογῆσω
572 3000 645 3084 περὶ
669 2999 772 3062 αὐτοῦ
794 2999 836 3071 ὠς
859 2996 890 3061 οἳ
912 2998 1014 3061 ἄλλοι.
1061 2999 1100 3061 οὐ
1122 2999 1226 3080 μόνον
1249 2998 1285 3061 δὲ
1307 3000 1343 3062 ἐν

208 3100 312 3184 τούτῳ
335 3105 380 3186 τῷ
403 3100 543 3192 δράματι
565 3103 705 3187 εἰσῆκται
728 3103 830 3174 οὕτως
845 3100 1040 3185 Εὐριπίδης,
1064 3100 1222 3163 ἀλλὰκαὶ
1245 3101 1280 3165 ἓν
1298 3109 1343 3187 τῷ

207 3204 392 3289 Προάγωνι,
410 3205 463 3266 καὶ
486 3204 520 3268 ἐν
542 3215 609 3277 τοῖς
631 3205 852 3290 Ἀχαρνεῦσιν.
901 3204 1028 3270 Cleonis
1051 3224 1127 3269 vero
1149 3204 1342 3271 mentionem

210 3346 249 3354 —
277 3329 318 3373 ex
340 3307 483 3373 Richteri
507 3308 667 3373 sententia
698 3345 737 3354 —
765 3307 930 3392 Dionysiis
951 3308 1020 3387 fieri
1043 3308 1341 3393 commodissimam,

208 3432 291 3494 qnae
314 3412 454 3477 Lenaeis
481 3412 675 3477 indutiarum
703 3418 846 3496 tempore
874 3411 1000 3476 omuino
1030 3430 1093 3475 non
1123 3411 1236 3476 fuisset
1259 3433 1342 3477 com-

209 3517 320 3580 moda:
351 3517 437 3598 quod
461 3522 682 3599 argumentum
711 3537 807 3598 quam
830 3511 912 3579 nihil
931 3516 1049 3597 valeat,
1078 3536 1170 3580 nemo
1195 3522 1243 3580 est
1266 3517 1342 3598 quin

208 3618 377 3702 intelligat.
429 3620 481 3684 Ad
513 3620 608 3684 linem
641 3625 748 3684 autem
782 3619 920 3684 subiecit
953 3619 1002 3682 vir
1036 3619 1149 3684 doctus
1183 3640 1340 3704 caussam,

208 3743 303 3804 quam
330 3722 430 3806 primo
453 3724 524 3788 loco
547 3742 665 3806 ponere
690 3721 810 3804 debuit,
840 3742 912 3786 cum
933 3721 1016 3786 haec
1038 3723 1108 3787 sola
1130 3722 1342 3805 suspicionem

207 3847 335 3891 movere
359 3826 476 3909 possit:
517 3826 710 3910 ,Postrema
734 3825 846 3907 inquit,
870 3824 957 3889 haud
980 3825 1072 3908 parvi
1095 3825 1247 3891 iacienda
1269 3833 1341 3891 sunt

208 3929 295 3996 chori
320 3931 420 3996 verba
442 3950 488 3996 vs.
513 3930 591 3996 264:

331 4032 432 4095 δεῖται
456 4032 492 4095 ‹tl
514 4033 566 4094 nal
589 4037 653 4097 τῶν
675 4036 847 4118 καρπίμων
870 4034 951 4094 ἄττα
973 4032 1016 4116 μή
1040 4034 1101 4094 ’στι
1124 4036 1220 4117 πρῷα

328 4133 417 4221 ὕδωρ
440 4139 592 4214 γενέσθαι
614 4135 835 4199 κάπιπνεῦσαι
857 4135 985 4220 βόρειον
1007 4135 1134 4207 adroic:

208 4239 327 4323 quippe
355 4246 481 4322 tempus
508 4259 649 4321 vernum,
677 4239 697 4303 i.
722 4259 750 4303 e.
774 4237 972 4304 Liberalium
993 4256 1191 4320 magnorum,
1220 4237 1341 4321 liquide

206 4344 360 4426 indicant,
383 4364 444 4410 nec
467 4350 599 4427 possunt
619 4350 762 4428 tempore
778 4341 923 4426 brumali,
947 4342 967 4406 i.
985 4363 1012 4407 e.
1029 4343 1240 4427 Lenaeorum,
1264 4349 1340 4428 apte

206 4447 344 4512 recitata
366 4447 468 4512 esse.“
