3167 4992
695 344 906 407 ..44-

230 532 284 614 qui
314 535 429 597 κακίαν
458 531 520 597 hoe
547 533 618 599 loco
647 533 785 598 eandem
811 553 883 599 esse
912 540 1010 617 atque
1037 533 1175 598 κάκωσιν
1205 535 1237 599 in
1264 534 1360 600 Thes.

228 636 304 719 ling.
330 638 445 702 Graec.
477 636 640 702 scriberet.
693 637 811 702 Verum
833 658 922 704 mera
944 638 1027 704 haee
1050 645 1100 704 est
1121 638 1231 723 libido,
1258 655 1361 721 neque

228 740 300 805 ullis
323 741 478 824 exemplis
501 747 557 806 aut
580 740 775 824 argumentis
798 741 882 808 haec
904 742 964 807 viri
987 741 1074 808 docti
1089 743 1196 827 opinio
1212 743 1362 807 firmatur.

228 844 351 910 Primus
381 865 448 910 rem
476 844 641 929 perspexit
669 845 783 911 Muller
812 845 1052 929 Struhingensis
1082 847 1148 929 (Ar.
1180 867 1210 911 u.
1235 846 1265 912 d.
1290 845 1362 910 hist.

229 948 310 1013 Krit.
334 969 410 1032 pag.
434 950 497 1016 628
521 954 618 1032 ann),
649 949 702 1032 qui
731 949 809 1014 illud
836 953 962 1024 κακίαις
991 951 1033 1016 ab
1055 950 1270 1034 Aristophane
1293 970 1364 1034 pro-

228 1052 348 1118 fectum
382 1073 452 1118 esse
483 1073 546 1118 non
575 1074 670 1138 posse
700 1054 859 1138 probavit.
912 1054 979 1120 Sed
1010 1055 1095 1138 quod
1124 1055 1193 1139 ipse
1217 1054 1363 1138 coniecit,

229 1177 341 1224 vereor
378 1178 418 1222 ne
452 1157 513 1223 hoo
548 1177 673 1240 quoque
707 1156 943 1241 repudiandum
975 1158 1031 1243 sit3
1068 1159 1157 1224 iubet
1190 1158 1275 1224 enim
1307 1178 1365 1224 nos

228 1253 369 1327 seribere
391 1264 515 1335 κακίας,
540 1261 626 1344 quod
645 1261 691 1326 ita
707 1261 755 1326 vir
771 1261 884 1328 doctus
899 1263 1059 1347 intelligit,
1082 1269 1118 1328 ut
1133 1263 1233 1328 Cleon
1247 1268 1365 1347 poetae

232 1365 397 1448 ignaviam
424 1365 595 1449 opprobrio
622 1363 756 1430 verterit
778 1371 811 1430 et
838 1367 966 1453 γραφὴν
993 1367 1181 1454 ἀστρατείας
1202 1365 1366 1432 minitatus

232 1469 283 1535 sit.
329 1468 438 1546 Quid?
483 1468 583 1533 Estne
617 1468 679 1533 hoc
713 1488 913 1552 consequens
945 1470 1144 1553 necessario,
1182 1468 1210 1534 si
1242 1468 1367 1535 Mulleri

233 1573 449 1638 coniecturam
483 1573 667 1656 sequimur?
711 1573 842 1638 Minime
875 1594 963 1658 voro,
998 1595 1069 1639 cum
1097 1577 1212 1637 κακίαν
1241 1573 1366 1638 omnino

231 1677 396 1760 ignaviam
419 1697 489 1744 esse
513 1698 623 1744 verum
645 1698 709 1743 non
731 1676 785 1743 sit:
811 1684 860 1744 est
882 1677 988 1762 potius
1009 1677 1168 1743 vitiositas
1190 1677 1366 1760 quaelibet,

232 1788 404 1867 praeterea
427 1782 492 1847 tale
517 1781 649 1865 ahquid,
681 1780 767 1864 quod
790 1780 839 1845 vir
862 1781 975 1846 doetus
998 1780 1126 1847 efficere
1150 1780 1280 1865 studuit,
1303 1780 1369 1846 iam

233 1907 291 1972 per
313 1906 348 1951 se
371 1885 439 1951 veri
462 1885 615 1950 dissimile
638 1883 715 1949 mihi
737 1885 841 1951 videri
862 1886 915 1951 vel
937 1884 1075 1949 maxime
1098 1884 1236 1949 libenter
1253 1882 1366 1950 fateor.

231 1989 377 2074 Accedit,
413 1990 499 2072 quod
531 1989 648 2064 κνίζειν
681 2008 753 2054 curn
786 1988 938 2071 genetivo
972 1988 1175 2054 coniunctum
1208 1988 1263 2052 vix
1292 1987 1369 2053 ferri

233 2099 349 2178 potest.
387 2095 502 2176 Itaque
525 2091 659 2175 conieci,
684 2092 770 2174 quod
793 2097 826 2158 et
847 2092 955 2158 sensui
977 2092 1176 2176 aptissimum
1198 2098 1248 2158 est
1270 2098 1303 2158 et
1325 2091 1370 2157 ad

233 2199 358 2266 litteras
381 2197 518 2263 traditas
546 2200 734 2280 (κακίσταις)
765 2197 885 2282 optime
909 2197 1057 2281 quadrat,
1081 2196 1205 2262 scilieet
1226 2199 1369 2270 κακίσας.

234 2301 328 2369 Adde
362 2302 448 2385 quod
481 2301 680 2367 concinnitas
715 2300 876 2383 quaedam
909 2300 1063 2384 exoritur,
1098 2321 1169 2366 cum
1202 2306 1369 2382 utrumque

233 2409 374 2490 verbum,
399 2413 432 2472 et
454 2405 673 2492 ὑπετάραττεν
696 2412 728 2470 et
751 2406 864 2480 ἔκνισε,
889 2404 1091 2471 coniunctum
1113 2404 1155 2471 sit
1177 2425 1249 2470 eum
1272 2405 1368 2489 parti-

235 2511 329 2595 cipio.
375 2510 429 2576 Sic
452 2509 549 2593 igitur
571 2508 774 2575 scribendum
798 2514 862 2574 est:

387 2635 448 2695 sici
469 2655 551 2705 τινες
575 2637 608 2694 οἵ
628 2631 668 2713 μ’
692 2630 802 2710 ἔλεγον
824 2629 867 2704 ὠς
890 2628 1162 2713 καταδιηλλάγην,

387 2735 481 2821 ἡνίκα
503 2734 615 2799 Κλέων
636 2735 675 2816 μ’
698 2734 918 2819 ὑπετάραττεν
938 2733 1137 2816 ἐπικείμενος

387 2841 442 2902 καί
463 2863 502 2922 με
524 2842 656 2913 κακίσας
680 2840 779 2903 ἔκνισε
802 2838 868 2903 κτλ.

318 2965 387 3029 lam
418 2983 505 3046 erge,
540 2968 710 3048 postquam
743 2963 913 3028 verborum
946 2958 1105 3045 scriptura
1132 2960 1291 3043 convenit,
1327 2959 1368 3024 de

234 3088 329 3134 sensu
351 3067 444 3134 huius
466 3066 529 3133 loci
545 3088 713 3155 ,exponere
736 3065 822 3131 licet.
875 3068 912 3131 ln
935 3086 997 3148 quo
1020 3064 1260 3130 accusationem
1284 3063 1369 3145 eogi-

234 3171 366 3236 tandam
397 3192 467 3237 esse
496 3171 624 3236 minime
647 3190 814 3254 possumus
838 3168 1016 3235 concedere
1025 3171 1058 3250 1).
1103 3169 1193 3233 Bene
1215 3188 1282 3232 rem
1305 3166 1369 3230 iarn

234 3276 423 3341 scholiastes
452 3274 625 3360 intellexit,
661 3275 750 3340 cuius
783 3275 883 3340 verba
915 3271 1060 3338 omnibus
1089 3269 1217 3356 ineptiis
1247 3273 1367 3352 carent,

236 3379 311 3462 quin
341 3379 448 3463 etiam,
477 3385 512 3443 ut
539 3378 806 3462 supradiximus,
835 3376 1025 3460 dignitatem
1049 3374 1210 3459 quandam
1231 3394 1310 3458 prae
1333 3392 1368 3438 se

235 3485 355 3550 serunt:
394 3481 530 3568 ἄδηλον,
565 3481 705 3566 πότερον
737 3485 792 3564 τῆς
820 3480 1061 3566 Καλλιστράτου
1094 3481 1140 3552 είς
1168 3477 1225 3562 τὴν
1250 3475 1372 3562 βουλὴν

235 3645 440 3654 ..---—.-——

307 3726 326 3796 ¹)
346 3725 554 3796 Cogitaverunt
574 3729 669 3778 autem
688 3729 805 3794 praeter
823 3739 882 3789 eos,
901 3723 949 3792 qui
967 3721 1183 3791 peregrinitatis
1196 3721 1303 3775 crimen
1315 3720 1371 3774 hoc

235 3816 299 3870 loco
324 3813 498 3883 intelligunt,
520 3828 619 3867 veram
642 3827 771 3864 caussam
790 3809 846 3862 Th.
864 3809 961 3878 Bergk
981 3825 1027 3878 ap.
1046 3808 1131 3862 Mein.
1153 3807 1188 3861 fr.
1207 3807 1245 3861 Π.
1264 3826 1292 3876 p.
1311 3807 1371 3872 937,

236 3903 284 3973 qui
309 3902 394 3956 tertio
418 3903 535 3969 poetam
554 3898 584 3950 in
608 3897 743 3951 iudicium
765 3901 901 3951 vocatum
921 3913 983 3949 esse
1002 3913 1036 3948 ex
1054 3894 1109 3948 hoe
1127 3893 1192 3948 loco
1212 3893 1318 3959 effecit,
1342 3899 1372 3947 et

236 3990 331 4044 Julius
349 3987 467 4042 Richter
486 3986 514 4038 in
534 3985 603 4039 edit.
621 3985 706 4052 Vesp.
726 3982 821 4036 Berol.
842 3983 915 4049 1858,
935 3981 984 4051 qui
1002 3981 1039 4034 ad
1049 3973 1098 4035 ‘ve
1113 3980 1179 4034 1286
1197 3979 1326 4033 breviter
1344 3985 1374 4033 et

236 4077 306 4132 satis
335 4075 472 4129 audacter
500 4072 664 4126 annotavit:
697 4073 815 4136 „roxiace
842 4068 886 4135 (ut
912 4084 989 4121 nune
1015 4064 1147 4136 legitur),
1179 4065 1255 4135 quod
1282 4071 1375 4126 κακίας

235 4167 386 4218 κατακείετε
409 4160 476 4216 est.“
518 4159 614 4212 Etiam
637 4155 813 4210 Fritzsehiue
836 4155 977 4209 nominari
1000 4158 1106 4225 potest,
1129 4153 1178 4222 qui
1202 4154 1233 4205 in
1257 4151 1375 4216 Quaest.

236 4251 323 4305 Arist.
343 4255 410 4303 tom.
429 4248 452 4302 I.
476 4267 503 4317 p.
522 4246 572 4300 299
591 4261 654 4314 sqq.
681 4243 757 4297 hunc
780 4243 940 4312 Vesparum
967 4241 1060 4295 locum
1089 4240 1125 4293 ad
1151 4256 1281 4294 caussam
1308 4246 1376 4308 post

235 4336 412 4405 Babylonios
436 4340 531 4388 actam
553 4332 650 4398 refert,
675 4346 759 4400 quam
784 4346 914 4382 caussam
938 4328 968 4380 in
986 4324 1212 4394 Aristophanem
1232 4326 1374 4380 intentam

237 4441 299 4478 esso
312 4423 465 4486 existimat,
477 4427 566 4489 atque
583 4420 626 4472 ita
640 4417 762 4488 quidem,
775 4421 807 4470 ut
821 4414 902 4469 simul
917 4413 1151 4484 peregrinitatem
1165 4410 1254 4467 Cleon
1267 4417 1373 4483 poetae

238 4507 348 4564 crimini
366 4508 456 4560 daret.
