3167 4992
672 359 881 423 ..μμ

210 545 330 612 condas
358 546 525 612 dederunt.
574 547 617 611 Et
645 565 744 630 saepe
773 552 892 630 poetae
914 546 950 610 id
971 545 1116 612 fecemnt
1139 567 1178 612 eo
1202 548 1343 632 oonsilio,

209 656 244 714 ut
272 650 353 715 filios
382 653 435 716 vel
457 650 652 734 propinquos
675 651 793 735 populo
818 650 1087 734 commendarent,
1117 653 1205 716 velut
1226 653 1345 717 Aristo-

208 754 333 839 phanes
355 755 425 838 ipse
448 754 510 820 hac
534 755 574 820 de
598 774 713 819 caussa
736 754 864 819 Araroti
885 753 950 819 filio
974 755 1127 820 Cocalum
1149 761 1182 821 et
1203 755 1345 822 Aeolosi·

211 879 292 923 cona
315 858 524 941 condonavit3
549 858 590 924 cf.
614 859 696 923 Plut.
721 879 789 940 arg.
813 859 873 922 IV:
904 857 1088 942 Ἕδιδάχδη
1110 857 1165 921 ἐπὶ
1188 861 1346 942 ἄρχοντος

208 961 428 1047 Ἀντιπάτρου
445 1008 452 1023 .
470 1009 502 1024 ..
537 961 721 1025 τελευταίαν
745 961 781 1024 δὲ
804 960 942 1037 διδάξας
964 962 1021 1046 τὴν
1039 962 1212 1045 κωμῳδίαν
1227 963 1346 1048 ταύτην

209 1064 265 1128 ἐπὶ
295 1069 339 1150 τῷ
366 1063 439 1149 ἰδίῳ
467 1064 603 1147 ὀνόματι
632 1064 684 1126 καὶ
714 1063 772 1128 τὸν
799 1060 870 1128 υἱὸν
896 1063 998 1128 αὑτοῦ
1024 1065 1176 1149 συστῆσαι
1196 1066 1347 1152 Ἆραράτα

211 1169 265 1253 [δι’
294 1169 401 1253 αὐτῆς]
432 1178 499 1242 τοῖς
527 1172 663 1242 θεαταῖς
692 1168 906 1250 βουλόμενος,
941 1168 982 1230 τά
1010 1168 1183 1232 ὑπόλοιπα
1211 1169 1271 1234 δύο
1301 1171 1344 1234 δι’

210 1273 330 1337 ἐκείνου
364 1275 499 1358 καθῆκε,
534 1271 690 1336 Καίκαλον
721 1272 774 1334 καὶ
810 1272 1046 1337 Αίολοσίκωνα.
1102 1272 1204 1350 Quem
1240 1275 1344 1360 finem,

210 1376 333 1443 scilicet
354 1383 390 1441 ut
411 1376 492 1442 filios
515 1397 588 1442 suos
610 1377 729 1462 populo
753 1377 1022 1461 commendarent,
1045 1384 1156 1462 patres
1177 1400 1241 1444 non
1260 1400 1346 1446 asse-

211 1481 275 1547 cuti
299 1486 414 1564 essent,
437 1480 498 1546 nisi
520 1482 603 1546 tales
625 1487 743 1566 poetae
766 1481 965 1565 suppositicii
988 1503 1009 1546 a
1030 1483 1149 1566 populo
1172 1481 1240 1548 ieri
1255 1484 1346 1551 fabu-

210 1587 312 1651 larum
334 1591 481 1650 auctores
504 1604 630 1668 semper
651 1583 754 1649 habiti
778 1590 893 1650 essent.
928 1586 1120 1669 Exemplum
1138 1586 1214 1652 licet
1230 1588 1345 1654 afferre

211 1689 303 1754 huius
325 1689 372 1754 rei
394 1690 476 1755 Ran.
500 1709 546 1753 vs.
572 1691 612 1753 72
635 1708 720 1771 sqq.:

654 1796 689 1856 H
695 1797 757 1854 PA
763 1794 932 1856 ΚΛΗΣῷ

367 1901 398 1959 τί
421 1896 471 1977 δ’,
496 1897 555 1961 οὐκ
576 1897 692 1980 Ἰοφῶν
715 1895 768 1982 ζῇς
985 1882 987 1885 V

640 2003 913 2089 Διονίκου.

764 2107 860 2167 τοῦτο
883 2102 944 2187 γάρ
967 2089 1090 2165 τοικαὶ
1105 2102 1208 2185 μόνον

368 2211 407 2272 ἔτ’
432 2209 497 2272 ἐστὶ
518 2208 639 2272 λοιπὸν
660 2207 806 2286 άγαδόν,
829 2209 858 2269 εἰ
879 2208 932 2269 καὶ
955 2208 1041 2271 τοῦτ’
1066 2209 1143 2292 άρα·

280 2314 329 2378 75.
363 2314 402 2377 οδ
425 2314 485 2399 γὰρ
508 2312 585 2396 σάφ’
611 2310 675 2375 οἶδ’
699 2310 772 2375 οὐδ’
795 2311 876 2374 αὐτὸ
898 2311 994 2375 τοῦδ’
1018 2313 1108 2385 ὅπως
1131 2313 1203 2393 ἔχει.

279 2523 328 2586 78.
363 2524 415 2596 οὔ,
440 2525 518 2606 πρίν
540 2523 570 2601 γ’
594 2525 635 2586 ἂν
657 2521 819 2606 Ἰοφῶντ’,
843 2521 1023 2604 άπολαβῶν
1045 2521 1146 2586 αὐτὸν
1167 2522 1282 2605 μόνον,

366 2627 442 2689 ἄνευ
464 2625 670 2709 Σοφοκλέους
693 2627 711 2688 ὅ
733 2648 763 2686 τι
786 2634 878 2688 ποιεῖ
897 2624 1083 2699 κωδωνίσω,

14 2744 16 2752 ’
131 2749 134 2754 ·
213 2729 326 2810 quibus
349 2735 487 2813 apparet
508 2728 721 2794 Athenienses
745 2727 919 2812 dubitasse,
943 2734 1047 2793 utrum
1061 2728 1184 2812 Iophon
1202 2728 1348 2813 proprias

212 2833 398 2916 tragoedias
421 2832 553 2898 doceret
576 2854 618 2897 an
641 2831 811 2915 Sophoclis
832 2832 948 2915 patris,
973 2832 1013 2896 cf.
1038 2831 1136 2896 schol.
1162 2832 1205 2896 ad
1228 2852 1274 2896 vs.
1292 2834 1347 2898 73:

212 2933 280 3008 υἱὸς
302 2936 508 3021 Σοφοκλέους
531 2935 548 2999 ὁ
570 2937 696 3019 Ἰοφῶν.
734 2936 915 3019 ἦγωνίσατο
937 2934 973 2997 δὲ
988 2935 1040 2996 καὶ
1057 2933 1177 3018 ε’νίκησε
1190 2934 1348 3020 λαμπρῶς

213 3039 257 3102 ἔτι
285 3040 402 3115 ζῶντος
428 3045 487 3105 τοῦ
514 3039 638 3124 πατρὸς
666 3039 777 3102 αὐτοῦ.
832 3037 884 3100 διδ
914 3037 1111 3122 ἀμφιβάλλει
1137 3038 1264 3122 μήποτε
1290 3043 1349 3102 τοῦ

212 3144 418 3228 Σοφοκλέους
439 3147 487 3228 εἴη
509 3143 638 3229 είρηκῶς
661 3141 858 3228 τραγῳδίαν,
887 3179 926 3188 -
958 3146 991 3206 et
1017 3141 1061 3206 ad
1083 3162 1128 3206 vs
1155 3144 1209 3208 78:
1232 3165 1348 3228 κωμῳ-

214 3246 316 3310 δεῖται
344 3248 404 3332 γάρ
435 3247 453 3311 ὁ
478 3248 595 3331 Ἰοφῶν
622 3245 640 3309 ὁ
667 3242 736 3320 vide
764 3245 972 3330 Σοφοκλέους
1001 3245 1044 3318 ῶς
1073 3246 1114 3307 τά
1143 3249 1202 3309 τοῦ
1224 3246 1349 3332 πατρὸς

212 3349 315 3429 λέγων
347 3349 525 3434 ποιήματα.
566 3349 703 3424 Ἄλλως.
754 3397 761 3412 .
793 3397 801 3412 .
833 3347 919 3412 ,ἐπὶ
953 3353 998 3435 τῶ
1029 3359 1099 3424 ταῖς
1133 3353 1192 3414 τοῦ
1225 3349 1349 3435 πατρὸς

212 3453 407 3540 τραγῳδίαις
441 3453 686 3540 ἐπιγράφεσθαι
713 3453 915 3540 κωμῳδεῖται
944 3452 1024 3529 κτλ,
1059 3453 1115 3518 ubi
1143 3455 1242 3520 verbo
1272 3454 1348 3516 ἔπι-

213 3559 400 3644 γράφεσδαι
427 3558 548 3641 liquide
577 3564 670 3643 patet
695 3557 862 3642 Iophontis
890 3579 1005 3622 nomen
1035 3558 1163 3643 publice
1186 3559 1219 3623 in
1242 3558 1349 3623 album

211 3670 379 3746 poetarum
417 3663 553 3727 relatum
590 3681 670 3726 esse.
732 3661 898 3726 Consentit
934 3661 1052 3726 Suidas
1090 3682 1114 3726 e.
1148 3683 1179 3727 v.
1212 3663 1347 3745 Ἰοφῶνε

214 3813 221 3828 .
247 3813 254 3828 .
279 3813 286 3828 .
312 3766 463 3852 δράματα
487 3765 523 3828 δὲ
543 3767 660 3851 Ἰοφῶν
682 3764 813 3842 ἐδίδαξε
834 3766 881 3840 ν’,
909 3764 954 3829 ῶν
975 3764 1061 3830 ἐστὶν
1080 3765 1253 3848 Ἀχιλλεύς,
1281 3766 1349 3850 Τή-

212 3869 322 3954 λεφος,
345 3871 514 3945 Ἀκταίων,
543 3870 637 3934 Ἰλίου
667 3873 790 3955 πέρσις,
816 3868 1011 3952 Δεξαμενός,
1034 3868 1176 3949 Βάκχαι,
1201 3869 1350 3942 Πενθεὺς

212 3975 265 4035 καί
294 3973 378 4036 ἄλλα
405 3973 478 4038 τινὰ
500 3978 558 4038 τοῦ
581 3974 705 4060 πατρὸς
728 3973 944 4058 Σοφοκλέους.
989 3973 1142 4038 Similiter
1164 3993 1204 4038 ac
1226 3971 1350 4055 Iophon

212 4076 407 4161 Euphorion,
430 4077 513 4142 filius
527 4077 691 4162 Aeschyli,
715 4082 748 4142 et
770 4078 854 4142 alter
868 4076 1039 4161 Euripides
1055 4075 1172 4141 fecisse
1187 4075 1348 4161 videntur,

214 4179 253 4245 cf.
270 4179 375 4246 Θαίδα
399 4181 585 4266 Εὐφορίων,
610 4177 679 4254 υἳδς
701 4179 874 4262 Αἰσχύλου
897 4183 956 4243 τοῦ
977 4183 1143 4267 τραγικοῦ,
1166 4179 1349 4263 Ἀθηναῖος,

213 4284 361 4370 τραγικὸς
395 4285 447 4347 καὶ
475 4284 587 4358 αὐτός,
617 4286 652 4357 δς
682 4283 734 4346 καὶ
762 4291 831 4357 τοῖς
857 4287 917 4346 τοῦ
944 4283 1068 4367 πατρὸς
1097 4282 1270 4363 Αἰσχύλου,
1302 4283 1350 4359 οἷς

176 4473 179 4478 ι
212 4385 310 4470 μήπω
336 4385 372 4472 ἦν
394 4387 651 4469 ἐπιδειξάμενος,
675 4387 819 4473 τετράκις
838 4385 995 4470 ἐνίκησεν,
1019 4393 1052 4452 et
1066 4385 1130 4451 Vit.
1146 4387 1236 4452 Eur:
1260 4384 1351 4462 υλοδς

213 4490 364 4554 κατέλιπε
379 4501 460 4579 τρεῖς
478 4493 536 4576 (sc.
552 4490 762 4576 Εὐριπίδης),
786 4537 815 4553 ..
833 4490 1007 4577 .νεῶτερον
1021 4489 1195 4574 (νεώτατον
1205 4491 1348 4576 Nauck.)
