3167 4992
704 339 913 404 ...46-

203 557 205 561 ·
334 527 425 606 Quae
448 549 520 594 cum
541 527 588 593 ita
607 528 679 612 sint,
703 549 744 594 ne
759 528 822 593 hoo
838 527 967 611 quidem
982 529 1161 613 Vesparum
1176 528 1247 595 loco
1263 527 1381 595 Aristo-

247 631 386 715 phanem
413 653 435 698 a
465 633 584 699 Cleone
612 633 855 718 peregrinitatis
883 652 974 699 reum
1003 633 1125 699 iactum
1153 654 1225 701 esse
1253 633 1383 719 probari

246 741 362 818 potest.
399 737 514 819 ltaque
537 742 708 821 postquam
729 735 792 803 hoo
816 757 942 819 quoque
965 736 1193 804 adminiculum
1214 737 1383 803 infirmavi·

245 860 324 924 mus,
349 846 450 905 totam
471 861 538 905 rem
562 839 818 906 commenticiam
840 861 911 906 esse
935 840 1097 907 evicimus.

333 944 447 1026 Longe
474 944 582 1010 hercle
610 965 630 1009 a
652 945 842 1030 Babyloniis
871 951 904 1009 11
925 943 1196 1030 Acharneusibus,
1226 945 1384 1028 aquibus

247 1047 383 1132 proiecti
406 1067 523 1132 sumus,
551 1048 772 1115 aberravimus
795 1054 829 1114 et
851 1048 944 1131 quasi
967 1069 1026 1132 per
1048 1048 1113 1115 vim
1134 1049 1179 1115 ad
1201 1049 1329 1114 Cleonis
1352 1055 1385 1115 et

247 1150 470 1235 Aristophanis
496 1150 675 1216 simultates
705 1151 806 1218 delati
835 1170 951 1216 sumus.
997 1152 1111 1234 Neque
1141 1173 1217 1218 vero
1240 1152 1385 1236 poenitet

246 1255 339 1320 huius
376 1255 597 1338 digressionis,
635 1255 662 1320 si
698 1255 793 1320 modo
832 1255 876 1320 ad
908 1255 1135 1346 illustrandam
1164 1255 1384 1338 quaestionem

247 1361 416 1426 obscuram
438 1358 561 1440 aliquid
583 1358 781 1425 contulimus.
812 1360 882 1424 Iam
903 1359 980 1424 lieet
1001 1359 1046 1424 ad
1067 1359 1265 1444 propositum
1278 1360 1384 1426 redire

247 1469 279 1530 11
313 1463 354 1528 de
387 1462 540 1546 proximis
573 1462 747 1528 comoediis
782 1463 964 1548 disputare,
1003 1483 1087 1546 quae
1120 1463 1318 1549 Babylonios
1351 1469 1385 1529 et

247 1566 473 1632 Achamenses
496 1572 629 1632 secutae
652 1573 733 1632 sunt.

333 1670 450 1736 Tribus
465 1670 593 1755 sabulis,
616 1670 876 1754 Daetalensibus,
900 1669 1098 1755 Babyloniis,
1114 1669 1384 1754 Acharneusihus,

247 1795 306 1860 per
328 1774 546 1840 Callistratum
571 1774 605 1839 in
632 1794 783 1840 scaenam
811 1774 952 1841 inductis
972 1773 1038 1839 iam
1060 1774 1130 1858 ipse
1152 1774 1384 1860 Aristophanes

247 1879 405 1945 sodalium
435 1884 467 1944 et
495 1878 670 1944 amicorum
691 1884 808 1961 rogatu
830 1877 1014 1960 monituque
1038 1878 1169 1943 chorum
1191 1879 1307 1963 petivit
1326 1897 1383 1943 suo

247 1983 374 2049 nomine
405 2003 466 2048 nec
496 1982 614 2048 diutius
645 1981 733 2048 cives
762 1981 804 2048 de
831 1981 961 2070 ingenio
988 2001 1046 2047 suo
1069 1981 1203 2066 celavit,
1238 1982 1278 2048 cf.
1302 1982 1383 2064 Equ.

248 2109 317 2171 arg.
340 2088 389 2152 11:
423 2085 590 2170 ἐδιδάχθη
611 2087 648 2150 τὸ
672 2085 782 2172 δρᾶμα
804 2085 860 2149 ἐπὶ
883 2084 1121 2173 Στρατοκλέους
1143 2088 1298 2173 ἄρχοντος
1321 2085 1383 2169 δη-

248 2195 348 2274 μοσίᾳ
370 2191 415 2265 εἰς
437 2190 567 2274 Λήναια
591 2189 639 2253 δι’
662 2191 765 2255 αὐτοῦ
786 2193 845 2254 τοῦ
866 2190 1125 2276 Ἀριστοφάνους
1147 2189 1212 2253 κτλ.
1262 2189 1330 2255 Sed
1350 2188 1384 2254 111

248 2295 332 2360 fallit
358 2315 409 2360 me
438 2294 556 2379 opinio,
591 2294 658 2360 alia
681 2314 808 2377 quoque
831 2313 948 2360 caussa
971 2293 1118 2377 accessit,
1150 2314 1214 2376 qua
1235 2292 1405 2375 Equitum.

250 2399 387 2464 chorumw
401 2399 471 2482 ipse
494 2404 606 2482 petere
629 2405 727 2482 poeta
750 2397 986 2480 quodammodo
1009 2402 1141 2463 coactus
1163 2402 1221 2462 est.
1266 2395 1387 2461 Aristo-

249 2502 390 2587 phanem
411 2502 478 2567 iam
499 2501 579 2566 satis
600 2502 700 2566 multo
723 2506 800 2566 1111
823 2521 920 2584 quam
934 2500 1086 2583 Equitum
1108 2500 1220 2566 sabula
1235 2505 1406 2583 ageretur,

249 2606 415 2672 consilium
447 2605 557 2692 iniisse
591 2605 753 2672 scribendi
788 2606 829 2672 de
858 2607 988 2690 Cleone,
1017 2605 1079 2688 -qui
1105 2604 1184 2671 artis
1210 2597 1289 2671 suae
1320 2611 1387 2670 tam

248 2710 395 2776 inimicus
427 2717 535 2776 custos
566 2710 751 2795 exstitisset,
785 2710 983 2795 peculiarem
1016 2706 1222 2777 comoediam
1249 2716 1389 2794 apparet

250 2813 390 2880 dilucide
414 2836 432 2881 e
455 2813 543 2880 chori
566 2814 709 2880 versibus
732 2814 871 2880 Acharn.
895 2816 959 2881 300
980 2834 1043 2897 sq:

450 2917 492 2992 ὠς
514 2918 673 3002 μεμίσηκά
696 2936 729 2981 σε
751 2917 899 2992 Κλέωνος
922 2919 967 2980 ἔτι
988 2915 1126 3000 μᾶλλον,
1150 2919 1189 2981 δν

447 3025 614 3104 κατατεμῶ
635 3032 738 3086 τοῖσιν
759 3019 898 3086 ἱππεῦσι
920 3020 1119 3103 καττύματα,

251 3125 365 3210 quibus
380 3126 525 3194 versibus
541 3125 741 3192 comoediam
755 3123 939 3209 significari,
957 3144 1053 3207 quam
1065 3143 1257 3209 componere
1268 3128 1385 3207 poetae

249 3231 283 3296 in
316 3231 421 3297 animo
456 3231 506 3314 sit,
541 3236 741 3315 spectatores
768 3228 933 3313 putavisse
963 3226 1167 3294 manifestum
1196 3232 1254 3293 est.
1301 3227 1383 3292 Nam

249 3335 393 3418 ineptum
415 3334 537 3418 fuisset,
561 3333 588 3398 si
609 3333 834 3398 Achamenses
856 3331 1037 3396 carbonarii
1060 3332 1212 3397 Cleonem
1226 3328 1384 3412 equitibus

249 3437 283 3503 in
305 3438 411 3503 soleas
431 3457 466 3503 se
483 3444 687 3503 consecturos
704 3457 775 3503 esse
792 3435 957 3519 dixissent,
982 3436 1068 3518 quod
1084 3436 1138 3522 qui
1152 3436 1221 3502 11111
1236 3431 1384 3519 potuerit,

250 3543 335 3607 nullo
366 3541 460 3618 modo
488 3560 616 3626 prorsus
638 3539 834 3623 intelligitur.
880 3538 975 3604 Adde
998 3539 1085 3621 quod
1106 3539 1331 3606 Achamenses
1353 3540 1388 3600 ut

251 3647 350 3712 Cleon
372 3645 419 3711 ita
441 3645 503 3730 ipsi
523 3665 646 3711 summa
661 3644 737 3710 belli
753 3642 888 3727 gerendi
904 3642 1082 3729 eupiditate
1097 3642 1291 3726 flagrabant,
1316 3661 1388 3707 cum

251 3751 375 3833 equites
405 3750 474 3817 iere
501 3770 611 3816 omnes
638 3749 730 3835 pacis
759 3754 867 3815 essent
889 3747 1108 3831 amantissimi,
1138 3767 1234 3829 quam
1255 3745 1298 3810 oh
1320 3763 1388 3808 rem

249 3855 299 3920 his
333 3847 507 3940 opitulari,
526 3854 572 3919 illi
605 3875 721 3920 nocere
755 3853 884 3918 minimo
918 3858 1046 3936 poterat
1079 3870 1188 3916 111111
1220 3847 1386 3913 interesse.

250 3961 365 4042 Itaque
392 3956 576 4025 necessario
604 3957 687 4023 haec
709 3957 811 4022 verba
831 3946 876 4021 'ex
898 3962 1027 4040 poetae,
1057 3974 1120 4019 non
1142 3973 1185 4018 ex
1207 3949 1388 4016 111111111-

250 4064 352 4130 1111111
375 4062 567 4147 accipienda
582 4066 663 4127 sunt.
696 4059 898 4126 Callistratus
913 4066 1022 4125 autem
1036 4058 1270 4139 Achamenses,
1280 4091 1283 4094 ·
1295 4056 1389 4137 quasi

251 4187 309 4233 sua
326 4173 412 4233 esset
425 4166 547 4250 fabula,
572 4163 694 4247 docuit;
719 4160 921 4229 Callistratus
937 4183 1015 4245 ergo
1030 4161 1117 4227 hanc
1130 4179 1248 4225 novam
1264 4179 1388 4226 comoe-

251 4272 338 4338 diam
360 4291 395 4337 se
418 4271 566 4336 daturum
589 4289 659 4336 esse
682 4289 741 4352 per
764 4265 895 4334 chorum
917 4267 1037 4350 populo
1051 4264 1206 4350 promisit.
1238 4263 1388 4328 Profecto

249 4376 335 4442 nullo
359 4374 423 4440 alio
445 4393 541 4440 sensu
563 4375 663 4440 verba
685 4371 821 4455 intelligi
844 4376 994 4456 poterant
1012 4369 1045 4433 in
1061 4369 1187 4435 theatro
1202 4387 1308 4451 neque
1323 4367 1388 4432 ullo
1409 4379 1412 4384 ’

251 4479 314 4545 alio
338 4479 380 4544 ab
397 4476 610 4561 Aristophane
633 4476 754 4560 scripta
776 4481 859 4557 sunt,
883 4494 964 4557 cum,
989 4492 1210 4557 quaecumque
1233 4472 1274 4538 de
1290 4477 1389 4557 poeta
1498 4481 1512 4488 ’
