3167 4992
696 311 1040 397 --36--Ι

239 501 371 568 Mttllero
406 499 628 583 Strttbingensi
661 498 835 566 consentio.
889 501 974 569 Nam
1004 501 1030 567 si
1060 523 1110 586 ea,
1139 522 1222 585 quae
1245 501 1372 568 dehac

239 625 355 672 caussa
373 604 501 690 prodita
516 610 598 688 sunt,
622 603 728 670 omnia
743 624 868 670 mecum
881 611 1005 690 reputo,
1029 605 1140 672 facere
1154 627 1218 672 non
1232 625 1371 689 possum,

239 709 315 794 quin
350 708 384 774 in
420 709 505 774 hanc
541 707 734 774 sententiam
768 707 943 774 discedam.
1005 710 1124 776 Verum
1157 709 1287 792 quidem
1323 713 1373 774 est

238 812 425 898 saepissime
458 811 593 878 Athenis
625 812 707 878 tales
741 812 965 878 accusationes
998 834 1019 880 a
1052 812 1274 898 sycophantis‚
1309 832 1374 894 qua

239 922 331 984 erant
357 915 497 994 audacia
527 921 561 981 et
588 914 767 980 calliditate
797 915 904 999 animi,
934 915 1075 982 intentas
1097 935 1186 982 esse:
1221 916 1374 982 Cleonem

238 1042 315 1087 vero
343 1021 387 1087 ad
413 1024 538 1086 tantam
559 1019 743 1085 vecordiam
766 1039 970 1104 progressum
992 1039 1074 1103 esse,
1098 1026 1133 1085 ut
1154 1019 1374 1105 sycophantas

240 1130 352 1191 contra
371 1123 619 1209 Aristophanem
640 1125 815 1190 subornare
830 1124 974 1206 auderet,
997 1124 1094 1208 plane
1108 1123 1299 1190 incredibile
1315 1129 1373 1190 est.

238 1229 326 1298 Nihil
358 1249 393 1294 se
426 1227 580 1313 perficere
614 1243 708 1313 posse
737 1234 848 1293 contra
878 1227 1070 1294 comicorum
1099 1228 1289 1295 effrenatam
1319 1248 1374 1311 pe-

239 1332 408 1400 tulantiam
434 1350 551 1397 caussa
579 1330 753 1398 Callistrati
782 1331 917 1397 edoctus
946 1339 1026 1416 erat,
1055 1337 1153 1414 atque
1181 1352 1253 1397 cum
1280 1331 1375 1398 nullis

239 1437 366 1520 legibus
380 1440 457 1500 tunc
471 1435 623 1519 temporis
640 1435 827 1501 comoediae
842 1435 975 1502 libertas
991 1435 1132 1501 coercita
1147 1442 1243 1519 esset,
1267 1435 1375 1501 omnia

239 1539 409 1608 admittere
445 1543 576 1604 coactus
611 1543 689 1605 erat.
733 1538 839 1616 Quid?
885 1539 964 1605 (lum
991 1539 1147 1605 comicum
1171 1539 1284 1605 ulcisci
1310 1560 1374 1606 non

239 1648 358 1729 posset,
390 1642 493 1708 civem
516 1661 690 1726 aggressus
713 1644 783 1710 est?
819 1642 888 1708 Sed
909 1643 1060 1708 Oleonem
1084 1663 1204 1726 quaeso
1226 1643 1274 1708 ita
1297 1643 1374 1709 deli-

237 1766 327 1814 rasse
341 1745 535 1830 putabimus,
558 1750 593 1811 ut
606 1745 864 1831 Aristophanem,
880 1746 990 1831 populi
1006 1746 1150 1830 delicias,
1166 1747 1375 1813 accusatione

238 1855 375 1938 peteret,
398 1870 482 1934 quae
506 1869 602 1932 quam
624 1871 718 1934 vana,
743 1870 840 1932 quam
861 1851 950 1916 nulla
972 1856 1067 1934 esset,
1091 1871 1131 1916 ne
1154 1850 1224 1935 ipse
1245 1851 1375 1933 quidem

239 1953 434 2038 ignorabat?
479 1952 613 2018 Omnem
638 1952 864 2020 auctoritatem
885 1953 1068 2037 abiecisset,
1092 1974 1213 2019 summo
1235 1953 1374 2021 ludibrio

239 2060 282 2125 ab
319 2055 567 2122 Atheniensibus
601 2056 732 2124 habitus
768 2063 868 2140 esset,
910 2056 964 2139 qui
999 2056 1151 2139 Equitum
1187 2058 1376 2125 comoediae

240 2162 427 2249 plauserant
448 2165 642 2246 poetamque
664 2159 765 2244 primo
788 2160 892 2246 pretio
915 2167 1118 2227 ornaverant.

326 2265 411 2333 Nam
438 2263 514 2346 quin
540 2263 772 2349 Aristophanes
804 2283 898 2330 verus
929 2263 1009 2332 civis
1035 2264 1240 2331 Atheniensis
1268 2265 1375 2349 fuerit,

240 2390 333 2436 nemo
364 2374 472 2453 potest
506 2368 668 2452 dubitare,
703 2368 829 2434 etiamsi
862 2368 1003 2434 breviter
1030 2375 1154 2434 tanturn
1179 2368 1212 2434 in
1239 2370 1378 2437 transitu

242 2472 426 2542 comoedias
459 2472 528 2539 eius
560 2472 788 2556 percensuerit.
848 2472 976 2537 Etenim
1012 2473 1040 2538 61
1075 2494 1140 2539 161
1171 2473 1377 2540 Atheniensis

241 2577 363 2660 fuisset,
387 2575 448 2642 etsi
470 2595 591 2640 summo
605 2574 735 2658 ingenio
750 2574 864 2641 fuisset
879 2575 1055 2660 praeditus,
1078 2596 1119 2642 16
1135 2597 1232 2642 unam
1247 2577 1378 2659 quidem

241 2678 509 2764 Aristophaneam
536 2678 736 2744 comoediam
763 2678 1003 2763 composuisset.
1052 2679 1172 2745 161161
1194 2679 1381 2748 considera·

140 2784 147 2794 '
241 2803 324 2866 mus,
364 2797 460 2865 quarn
498 2781 652 2866 singulari
690 2789 760 2848 arte
793 2782 1026 2868 Aristophanes
1061 2784 1204 2867 linguam
1237 2784 1382 2852 Atticam

241 2885 438 2970 tractaverit,
469 2885 496 2950 si
523 2892 716 2971 reputamus,
746 2892 869 2969 quanta
894 2886 1026 2952 licentia
1052 2907 1129 2954 116116
1158 2887 1200 2952 611
1227 2887 1261 2952 11
1284 2889 1382 2954 casti-

242 2989 359 3074 gandis
386 2989 433 3055 rei
455 2989 605 3074 publicae
628 2990 754 3073 legibus
776 2990 992 3074 institutisque
1015 2997 1049 3057 et
1070 2991 1104 3055 in
1125 2991 1383 3075 perstringendis

243 3093 319 3161 viris
348 3091 580 3177 insignissimis,
612 3093 854 3160 concedendum
883 3100 932 3160 est
958 3094 1020 3160 hoc
1047 3094 1165 3159 homini
1194 3094 1380 3161 adventicio

242 3196 360 3264 nemini
385 3236 421 3244 —
448 3202 545 3279 atque
568 3218 609 3262 16
631 3197 696 3264 filio
713 3197 844 3280 quidem
858 3197 994 3263 hominis
1008 3197 1192 3281 adventicii,
1216 3197 1380 3264 siAristo-
1461 3266 1466 3270 ,

243 3301 382 3388 phanem
410 3301 514 3386 ipsum
544 3300 608 3366 iam
635 3301 770 3367 Athenis
797 3308 907 3368 natum
937 3321 1008 3368 6666
1036 3301 1220 3369 conceditur
1241 3337 1283 3349 -
1306 3321 1380 3387 per-

242 3405 334 3490 mitti,
352 3405 437 3496 illud
459 3407 501 3471 ab
525 3405 640 3471 eodem
660 3426 835 3489 numquam
856 3406 968 3490 perfici
989 3407 1140 3491 potuisse.
1177 3405 1292 3486 ltaque
1308 3404 1380 3472 6116

243 3511 309 3577 ulla
336 3508 535 3576 dubitatione
566 3508 743 3594 accipimus
772 3509 868 3575 Vitae
897 3508 1105 3594 principium:
1144 3508 1383 3594 Ἀριστοφάνης

244 3613 262 3678 δ
284 3612 522 3698 κωμῳδοποιὸς
543 3613 667 3699 πατρὸς
688 3612 747 3696 μὲν
768 3612 807 3698 ἦν
833 3612 1019 3688 Φιλίππου,
1043 3613 1080 3678 cd
1106 3612 1143 3676 δὲ
1164 3613 1257 3691 γένος
1271 3611 1382 3698 Ἀθη-

244 3727 346 3793 octog,
377 3720 442 3782 τῶν
469 3715 580 3802 δήμων
609 3715 875 3802 Κυδαθηναιεύς,
899 3716 1122 3790 Πανδιονίδος
1152 3713 1269 3798 culpe:
1305 3737 1384 3784 nam

244 3822 306 3888 hoc
333 3821 548 3887 testimonium
576 3841 687 3888 verum
714 3842 784 3888 esse
813 3842 871 3907 per
899 3842 934 3888 66
961 3822 1066 3907 ipsum
1092 3824 1235 3885 testatur.
1285 3805 1383 3887 Unde

245 3926 329 3993 enirn
362 3932 518 3992 terrarum
551 3925 631 3991 talia
663 3925 740 4009 fingi
773 3932 954 4012 potuerunt,
989 3926 1074 4008 urbs,
1107 3940 1221 4007 pagus,
1255 3921 1384 3991 tribus?

244 4023 344 4098 lmmo
372 4052 394 4097 a
420 4032 504 4098 bono
532 4029 621 4097 fonte
648 4030 732 4097 haec
758 4031 876 4096 hausta
904 4051 974 4097 esse
1005 4051 1023 4095 6
1050 4026 1227 4094 subtilitate
1254 4032 1287 4092 et
1310 4049 1384 4113 pro-

245 4136 384 4222 prietate
406 4135 576 4202 verborum
599 4135 739 4202 dilucide
764 4141 911 4219 apparet.
956 4136 1062 4217 Atque
1086 4130 1185 4197 etiam
1205 4130 1316 4197 nescio
1339 4154 1385 4199 an

246 4240 380 4306 alicuius
412 4238 564 4305 momenti
597 4238 707 4306 facere
740 4239 852 4323 liceat,
887 4237 974 4322 quod
1006 4241 1104 4322 poeta
1135 4234 1208 4300 loco
1241 4235 1384 4318 quodam

245 4345 351 4428 Pacis,
384 4344 439 4411 ubi
472 4342 573 4410 tribus
606 4344 770 4427 quaelibet
797 4342 954 4409 nominari
985 4346 1130 4428 poterat,
1162 4359 1255 4404 suam
1282 4339 1385 4425 ipsius

247 4449 355 4536 elegit,
378 4467 424 4514 vs.
450 4447 549 4522 118&
