3167 4992
712 359 923 425 ,62-

152 537 156 542 ’
247 547 388 632 palmam
411 546 472 614 sibi
494 547 683 633 concedant,
708 555 763 614 aut
785 554 903 632 monet,
925 570 966 614 ne
982 569 1060 615 suae
1076 549 1273 633 comoediae,
1297 551 1384 634 quod

222 725 225 729 ,
247 650 382 734 primum
404 650 577 717 inducendi
598 652 703 718 locum
726 652 855 717 sortitus
877 651 928 735 sit,
952 652 1191 720 obliviscantur.

333 761 448 839 Itaque
476 755 690 840 Amphiaraus
718 761 750 821 et
771 757 859 822 Aves
885 756 1008 840 primae
1035 765 1108 823 sunt
1130 759 1270 844 fabulae,
1299 779 1383 842 quae

248 869 321 950 post
342 864 463 927 Pacem
484 858 577 926 nohis
599 866 778 925 occurrunt.
830 859 946 924 Avium
968 859 1052 926 haec
1074 869 1124 926 est
1148 862 1329 928 didascalia
1350 862 1384 927 in

248 989 317 1050 arg.
340 969 371 1031 I:
405 962 590 1047 Ἐδιδάχθη
617 962 673 1026 ἐπὶ
700 967 848 1049 Χαβρίου
878 962 934 1026 διά
955 963 1198 1051 Καλλιστράτου
1226 965 1261 1031 ἐν
1283 968 1382 1041 ἄστει,

248 1075 284 1145 ὃς
316 1069 355 1155 ἦν
384 1068 531 1153 δεύτερος
559 1076 626 1140 τοῖς
649 1068 801 1152 Ὄρνισι,,
819 1072 948 1152 πρῶτος
976 1067 1150 1154 Ἀμειψίας
1177 1075 1382 1152 Κωμασταῖς,
1443 1053 1448 1060 ,

184 1217 189 1226 .
247 1177 352 1260 τρίτος
393 1171 554 1256 Φρύνιχος
588 1170 809 1256 Μονοτρόπῳ.
865 1171 971 1253 Atque
1004 1171 1037 1235 in
1071 1193 1139 1262 arg.
1166 1174 1199 1236 Π
1231 1172 1382 1256 legimus:

246 1277 321 1340 Ἐπὶ
343 1277 490 1360 Χαβρίου
519 1273 556 1336 τὸ
580 1272 688 1357 δρᾶμα
710 1276 854 1358 καθῆκεν
874 1275 920 1348 είς
941 1274 1102 1337 ἄστυδιά
1123 1275 1382 1363 Καλλιστράτου·

246 1381 292 1464 τίς
320 1369 356 1442 δὲ
377 1378 506 1462 Λήναια
534 1376 591 1440 τὸν
612 1375 809 1461 Ἀμφιάραον
834 1376 965 1454 ἐδίδαξε
989 1378 1045 1441 διὰ
1070 1379 1264 1444 Φιλωνίδου.
1310 1380 1383 1458 Qui·

248 1484 307 1548 bus
340 1481 426 1564 quod
455 1479 633 1545 adiciamus
660 1479 738 1545 nihil
765 1481 930 1546 habemus.
983 1481 1136 1548 Videmus
1166 1483 1383 1550 Callistratum

248 1593 280 1652 et
295 1584 496 1650 Philonidem
518 1584 639 1668 paritor
659 1589 756 1667 atque
772 1590 870 1650 antea
885 1584 1109 1669 Aristophanis
1124 1586 1252 1652 fabulas
1267 1587 1383 1654 dooere

247 1710 304 1756 suo
326 1688 463 1773 nomine,
488 1689 574 1772 quod
597 1688 712 1753 eadem
735 1689 873 1754 omnium
894 1710 1000 1754 rerum
1020 1709 1085 1772 qua
1099 1690 1186 1774 prius
1202 1691 1383 1757 conditione

247 1794 369 1860 factum
392 1813 462 1860 esse
485 1798 737 1858 consentaneum
760 1798 818 1858 est.

333 1898 516 1963 Proximam
549 1917 675 1979 quoquo
709 1896 863 1979 fabulam,
897 1896 938 1962 de
968 1896 1057 1995 cuius
1084 1897 1212 1964 actione
1238 1899 1383 1984 legimus,

248 2002 462 2086 Lysistratam
490 2000 622 2084 scilicet,
651 1999 852 2066 Callistratus
882 2000 973 2066 dedit
995 2023 1078 2067 anno
1100 2005 1174 2068 411.
1224 2005 1383 2088 Tempore

155 2173 160 2183 ,
247 2126 310 2171 non
325 2106 456 2171 multum
472 2105 588 2170 absunt
599 2103 962 2188 Thesmophoriazusae,
980 2125 1062 2187 quae
1076 2105 1243 2173 comoedia
1255 2108 1383 2188 quando
1502 2159 1508 2168 .

248 2215 281 2275 et
302 2230 361 2294 per
384 2229 478 2292 quem
502 2207 670 2273 commissa
692 2208 741 2293 sit,
771 2229 843 2274 cum
865 2208 1047 2277 didascaha
1068 2230 1197 2294 prorsus
1218 2211 1384 2295 interierit,

248 2333 312 2378 non
335 2313 494 2378 docemur.
539 2311 647 2377 Etiam
674 2311 876 2395 Lysistratae
906 2313 1086 2378 didascalia
1113 2313 1211 2378 valde.
1237 2313 1386 2380 mutilata

250 2422 314 2482 est:
349 2415 513 2500 ἐδιδάχθη
546 2415 601 2477 sol
630 2413 772 2478 Καλλίου
807 2416 965 2498 ἄρχοντος
997 2419 1057 2479 τοῦ
1087 2416 1169 2498 μετὰ
1195 2416 1386 2503 Κλεόκριτον

249 2521 416 2604 ἄρξαντος.
460 2520 600 2602 εἰσῆκται
629 2517 664 2581 δὲ
693 2517 749 2580 διὰ
770 2517 1021 2604 Καλλιστράτου.
1066 2521 1179 2601 Neque
1202 2519 1300 2603 igitur
1322 2542 1384 2604 quo

248 2623 331 2688 festo
354 2621 437 2688 haec
460 2622 627 2688 comoedia
650 2628 725 2687 acta
748 2622 799 2706 sit,
823 2630 1020 2707 compertum
1035 2624 1199 2690 habemus.
1230 2625 1298 2691 Sed
1313 2646 1384 2690 cum

248 2733 383 2808 utraque
413 2725 532 2809 fabula,
567 2724 750 2809 Lysistrata
779 2731 812 2789 ct
840 2725 1200 2810 Thesmophoriazusae‚
1231 2727 1275 2793 ad
1305 2726 1384 2811 opti-

249 2833 351 2893 mates
380 2847 505 2910 quoque
529 2833 663 2910 spectet,
692 2826 746 2909 qui
773 2848 849 2906 vere
873 2827 1032 2910 anni¹4ll
1055 2828 1276 2919 reipublicae
1298 2836 1385 2895 statu

249 2952 360 2998 everso
395 2931 520 2996 clavum
554 2931 615 2996 sibi
648 2931 708 3016 ipsi
741 2931 959 3016 arripuerunt,
993 2933 1046 2998 vel
1076 2933 1215 2999 maxime
1241 2933 1383 3019 interest,

249 3035 377 3118 quando
411 3035 474 3100 hac
504 3034 750 3112 comoediaein
780 3055 933 3100 scaenam
962 3035 1113 3101 inductae
1140 3036 1203 3100 sint
1231 3045 1383 3102 accurate

248 3139 339 3205 scire.
386 3138 476 3216 Quae
505 3159 576 3204 cum
598 3139 644 3203 ita
667 3138 737 3223 sint,
768 3138 864 3204 valde
888 3139 991 3222 doleo,
1020 3138 1107 3221 quod
1128 3139 1220 3204 huius
1244 3141 1384 3224 disputa-

248 3243 343 3308 tionis
369 3242 484 3307 finibus
513 3262 663 3307 coerceor
690 3248 787 3324 atque
815 3242 982 3327 impedior,
1012 3243 1177 3325 quominus
1201 3244 1384 3328 diligentius

248 3346 332 3410 hanc
356 3345 576 3428 quaestionem
597 3345 774 3410 instituam:
800 3346 886 3427 quod
909 3346 1066 3431 posterius
1082 3345 1258 3429 aliquando
1274 3348 1383 3414 iacere

247 3449 324 3514 mihi
354 3447 550 3534 propositum
581 3454 638 3514 est.
690 3449 812 3514 Multae
842 3449 925 3514 enim
952 3457 1024 3516 sunt
1047 3450 1087 3517 de
1110 3450 1173 3516 hac
1196 3452 1383 3535 quaestione
1463 3531 1468 3537 q

245 3554 392 3638 prolatae
418 3573 532 3635 *nugae
550 3560 599 3618 -et
631 3551 791 3636 ineptiae,
837 3559 934 3635 atque
967 3553 1105 3618 maxime
1140 3554 1223 3620 inter
1260 3562 1383 3620 ceteros

245 3656 350 3722 floruit
371 3647 501 3739 laepius
529 3655 668 3740 quidam,
699 3654 753 3737 qui
780 3656 984 3722 incredibilia
1007 3657 1164 3723 commisit
1186 3658 1219 3723 in
1241 3658 1383 3742 disputa-

245 3760 349 3825 tione:
389 3759 458 3836 Quo
493 3779 576 3824 anno
604 3764 636 3824 et
669 3759 783 3841 quibus
812 3759 925 3825 diebus
954 3760 1044 3825 sestis
1072 3761 1255 3845 Lysistrata
1285 3767 1383 3844 atque
1442 3814 1445 3821 .

246 3865 597 3949 Thesmophoriazusae
622 3864 738 3930 doctas
761 3865 833 3930 sint.
878 3865 985 3930 Eutin.
1019 3868 1130 3949 Progr.
1154 3887 1262 3952 gymn.
1288 3868 1382 3933 1859.

246 3969 341 4034 Certo
376 3968 459 4034 enim
492 3969 558 4034 iam
591 3969 776 4052 Droysenus
810 3968 908 4032 evicit
931 3966 1149 4052 'Lysistratam
1177 3977 1285 4036 actam
1312 3989 1383 4035 esse

246 4072 409 4157 Dionysiis
432 4071 557 4154 magnis
580 4072 657 4137 anni
675 4073 749 4154 411,
774 4061 1122 4155 Thesmophorianusas
1145 4073 1287 4138 Lenaeis
1308 4073 1381 4138 410.

246 4173 339 4253 Quod
362 4197 433 4242 cum
455 4176 504 4241 vir
527 4176 640 4240 doctus
663 4174 786 4240 caussis
809 4175 887 4239 satis
910 4175 1016 4240 multis
1036 4175 1383 4259 gravibusqucproba-

245 4279 337 4365 verit,
354 4279 439 4346 aliae
456 4298 582 4361 quoque
597 4299 701 4361 neque
717 4298 840 4362 parvae
855 4277 1067 4362 inveniuntur,
1087 4279 1203 4361 quibus
1217 4299 1269 4344 res
1286 4278 1384 4344 ctiam

245 4383 350 4466 magis
382 4389 488 4467 potest
520 4381 665 4447 stabiliri.
722 4380 789 4446 Sed
816 4379 899 4446 haec
925 4381 1098 4448 hactenus:
1132 4402 1207 4447 nam
1236 4380 1381 4464 quaestio

228 4487 375 4568 ,gravior
398 4493 456 4569 est,
481 4505 577 4567 quam
599 4491 634 4549 ut
657 4485 770 4568 paucis
793 4490 891 4566 queat
914 4484 1048 4550 absolvi.
