3167 4992
689 371 726 378 -
773 310 814 397 2'6
861 372 899 380 -.

227 542 302 588 usus
324 522 374 606 sit,
399 521 538 587 dubitari
560 543 623 588 non
646 528 761 608 potest,
786 544 858 588 cum
881 524 966 590 solus
989 524 1104 590 chorus
1126 529 1243 607 poetae
1263 521 1364 588 resin

228 647 348 692 scaena
387 646 537 692 enarrare
571 626 697 692 soleret.
758 628 873 710 Itaque
907 628 934 693 si
967 633 1091 693 tantum
1124 626 1185 692 sibi
1218 624 1363 709 sumpsit,

228 729 386 795 accedere
414 715 536 811 aliquid
563 749 642 813 opus
665 729 734 815 fuit,
765 750 827 813 quo
850 730 918 797 fieri
941 737 1078 815 poterat,
1107 737 1142 796 ut
1164 735 1364 814 spectatores

227 855 295 898 rem
317 833 541 916 intelligerent.
575 833 646 898 Hoc
669 839 785 900 autem·
800 835 847 900 ita
868 834 963 901 modo
985 834 1055 900 fieri
1076 833 1189 918 potuit,
1212 839 1247 899 ut
1263 838 1363 915 actor,

230 936 283 1018 qui
313 957 347 1001 se
376 958 397 1000 a
420 936 538 1002 Cleone
562 942 748 1002 accusatum
772 943 805 1002 et
826 939 910 1003 male
933 944 1107 1003 tractatum
1129 955 1199 1003 esse·
1222 936 1363 1020 dicebat,

229 1046 262 1104 et
289 1060 371 1123 reus,
403 1039 456 1123 qui
485 1061 599 1106 revera
628 1045 799 1106 accusatus
829 1048 862 1106 ct
883 1043 967 1107 male
990 1047 1147 1108 tractatus
1169 1047 1248 1124 erat,
1278 1041 1365 1105 idem

229 1143 324 1208 homo
350 1149 445 1210 esset.
499 1142 746 1228 Aristophanem
775 1144 808 1209 in
834 1144 1093 1211 Achamensibus
1122 1143 1366 1228 Dicaeopolidis

231 1253 340 1330 partes
367 1246 472 1330 egisse
501 1247 565 1312 iam
591 1267 650 1331 per
676 1267 710 1312 se
738 1269 802 1312 non
831 1254 879 1314 est
902 1248 1066 1332 credibile,
1096 1245 1366 1313 11111111111111111-
1391 1257 1394 1260 ’

231 1351 316 1435 pons
345 1351 376 1414 in
404 1351 567 1434 publicum
594 1351 721 1436 prodire
750 1351 891 1417 nondum
917 1352 1057 1418 animum
1079 1351 1270 1434 induxisseq
1299 1356 1365 1415 tum

230 1475 307 1518 vero
330 1454 395 1518 tale
419 1453 541 1536 aliquid
564 1455 606 1519 ab
629 1454 758 1538 ingenio
781 1460 909 1539 poetae,
935 1455 1038 1538 qualis
1062 1476 1102 1521 ex
1117 1475 1190 1521 mea
1206 1453 1366 1520 sententia

231 1556 305 1640 fuit,
339 1576 468 1640 prorsus
501 1557 673 1622 abhorrere
707 1557 772 1622 iam
799 1558 915 1623 monui.
966 1559 1085 1623 Contra
1113 1558 1211 1623 multo
1239 1557 1367 1622 facilius

232 1660 458 1744 Callistratum,
487 1661 606 1745 quippe
637 1661 691 1744 qui
719 1662 813 1727 homo
842 1661 1013 1745 ignobilior
1039 1661 1247 1727 hauddubie
1271 1667 1365 1744 esset,

231 1763 350 1848 primas
377 1771 486 1849 partes
515 1765 621 1847 egisse
651 1764 827 1850 credemus,
858 1766 944 1849 quod
973 1772 1087 1851 poetas
1110 1786 1174 1830 non
1195 1785 1367 1848 numquam

231 1867 348 1933 fecisse
376 1888 474 1952 supra
502 1867 648 1934 diximus.
699 1868 733 1934 si
756 1869 818 1935 hoc
841 1869 1023 1955 statuimus,
1051 1869 1108 1934 illa
1129 1868 1261 1934 licentia
1284 1870 1366 1935 bene

232 1972 387 2037 toleratur
408 1993 513 2055 neque
536 1972 628 2056 apud¹
646 1979 847 2058 spectatores
863 1975 930 2039 ulla
945 1973 1079 2038 offensio
1093 1973 1214 2038 moveri
1230 1978 1366 2056 poterat,

232 2075 327 2139 immo
349 2076 480 2160 plausus
502 2076 646 2159 slsusque
670 2097 767 2159 quam
784 2077 927 2162 maximi,
951 2077 1074 2161 cumis,
1098 2076 1151 2160 qui
1166 2097 1281 2142 revera
1295 2095 1368 2142 reus

232 2179 347 2263 fuerat,
372 2179 441 2264 ipse
464 2180 497 2244 in
519 2200 639 2247 scaena
661 2202 729 2246 rem
750 2181 858 2247 iocose
882 2188 913 2246 et
935 2181 1069 2247 ridicule
1091 2186 1238 2246 narraret
1248 2183 1280 2262 ¹).

321 2300 400 2366 Cum
438 2302 542 2387 ipsum
581 2302 798 2369 Callistratum
835 2303 1078 2388 Dicaeopolidis
1116 2308 1226 2387 partes
1263 2301 1369 2384 egisse

236 2405 486 2490 cognoverimus,
516 2406 629 2489 paucis
657 2413 792 2490 tangere
822 2407 898 2473 licet
920 2408 1025 2473 locum
1048 2406 1218 2490 quendam,
1242 2427 1284 2471 ex
1307 2425 1369 2488 quo

236 2507 375 2574 dilucide
399 2516 546 2594 apparet,
571 2515 690 2593 quanto
713 2531 814 2594 opere
829 2511 1060 2595 Aristophanes
1075 2509 1236 2576 fictionem
1250 2509 1369 2591 ubique

235 2611 421 2695 servaverit,
445 2618 480 2677 ut
496 2612 697 2679 Callistratus
716 2634 812 2679 verus
827 2620 926 2699 poeta
941 2634 1011 2680 1111
1027 2613 1198 2680 videretur.
1233 2611 1370 2677 Dicaeo-

236 2715 318 2801 polis
341 2715 425 2782 enim
447 2716 505 2782 hos
527 2737 638 2783 versus
660 2717 785 2802 recitat,
808 2719 872 2784 496
895 2738 979 2801 sqq.:

237 2975 288 3044 (sc.
301 2976 400 3036 παῖδας
410 2975 638 3048 Ἀριστοφάνους),
657 2980 796 3030 Φίλιππον
811 2979 856 3028 καὶ
872 2975 1017 3047 Ἀραρότα,
1036 2967 1129 3028 ὤνκαὶ
1142 2973 1221 3034 αὐτὸς
1233 2974 1372 3041 ε’μνήσθηι

873 3063 924 3127 τὴν
940 3070 1054 3132 γυναῖκα
1073 3060 1101 3114 δὲ

495 3150 663 3219 αἰσχύνομαι
684 3149 721 3202 τιό
739 3147 762 3202 τ’
781 3147 813 3202 od
832 3149 983 3217 φρονοῦντι
1003 3147 1101 3200 παιδίω

239 3237 343 3303 (Koch.
371 3236 406 3291 fr.
425 3237 496 3302 588).
537 3235 594 3291 Sed
617 3235 727 3302 vereor,
750 3253 786 3288 ne
809 3234 896 3289 foede
915 3235 1117 3304 grammaticus
1136 3233 1285 3297 erraverit,
1309 3250 1373 3287 111111

238 3329 354 3393 poetam
372 3324 417 3378 his
428 3323 533 3392 verbis,
554 3340 627 3393 quae
645 3324 681 3376 ad
696 3323 838 3376 actionem
851 3321 911 3374 sine
925 3320 1012 3374 dublo
1025 3319 1218 3390 pertinebant,
1236 3337 1267 3372 11
1280 3319 1372 3388 ipsum

238 3409 361 3480 intelligi
373 3410 497 3466 voluisse
510 3414 635 3480 putaret.
648 3439 676 3448 -
688 3407 843 3463 Difficilius
856 3413 900 3461 est
912 3407 1040 3460 iudicare
1054 3407 1089 3460 de
1099 3406 1191 3460 altero
1202 3405 1373 3476 fragmento.

239 3496 292 3549 Est
311 3497 387 3565 apud
406 3496 493 3550 schol.
512 3495 588 3549 Plat.
606 3494 692 3564 Apol.
710 3512 775 3564 pag.
796 3495 828 3548 19
847 3492 877 3561 C,
901 3494 949 3563 qui
968 3492 1191 3563 Aristophanem
1215 3510 1232 3546 a
1254 3491 1372 3546 Cratino

239 3582 362 3650 illusum,
389 3583 466 3653 quod
488 3583 654 3652 Euripidem
678 3583 847 3649 imitaretur,
874 3581 904 3634 id
928 3581 1021 3650 ipsum
1045 3571 1218 3635 concessisse
1241 3580 1312 3633 dicit
1329 3579 1373 3632 his

240 3669 382 3726 versibus:

300 3746 302 3750 y
424 3756 536 3826 χρῶμαι
556 3759 607 3829 γάρ
626 3754 711 3811 adnot
729 3756 778 3811 rod
795 3758 931 3825 στόματος
949 3757 988 3825 τῷ
1006 3753 1170 3824 στρογγύλῳ,

429 3843 492 3905 τούς
509 3843 572 3903 νοῦς
589 3842 614 3896 d'
632 3841 774 3916 ἀγοραίους
792 3834 874 3907 ἧττον
891 3840 907 3906 ἢ
925 3839 1019 3900 ’κεῖνος
1036 3839 1107 3892 ποιῶ

242 3947 347 4016 (Kock.
375 3946 409 4001 fr.
427 3946 499 4014 471).
544 3947 694 4014 Conicere,
722 3952 754 3999 ut
780 3945 977 4000 Callistratum
1004 3945 1033 3996 in
1060 3941 1307 4007 Acharnensihus,
1333 3943 1376 3994 ita

241 4033 465 4104 Aristophanem
482 4034 512 4085 in
531 4033 585 4088 hac
604 4032 704 4086 fabula
722 4032 838 4097 (Σκηνὰς
856 4030 1123 4099 καταλιιμβάνουσαι)
1144 4033 1269 4105 actorem
1287 4027 1387 4103 fuisse·

241 4139 298 4175 non
326 4123 428 4186 audeo,
456 4121 591 4189 quoniam
618 4118 677 4172 tale
705 4117 814 4187 aliquid
837 4121 943 4187 poetae
967 4132 1024 4168 uon
1042 4114 1147 4167 tribuo.
1183 4114 1286 4183 Itaque
1304 4114 1377 4167 certi

240 4208 351 4278 aliquid
370 4209 405 4261 dc
423 4206 467 4259 his
486 4206 622 4259 trimetris
640 4204 769 4258 iudicare
787 4203 946 4273 nequimus,
964 4201 1132 4271 praesertim
1148 4218 1212 4253 cum
1224 4200 1307 4254 huius
1320 4199 1377 4254 loci

243 4313 305 4348 cum
324 4294 387 4348 aliis
406 4310 563 4347 connexum
582 4309 639 4345 non
656 4289 827 4346 noverimus.

316 4397 333 4467 ¹)
353 4397 387 4450 In
406 4397 507 4450 eadem
525 4396 668 4449 sententia
687 4400 753 4449 sunt
770 4394 882 4448 Ranke.
906 4411 934 4462 p.
946 4391 1056 4446 XVIII.
1076 4408 1123 4461 ap.
1141 4390 1227 4443 Mein.
1263 4389 1377 4444 Miiller-

243 4485 339 4541 Striib.
367 4484 416 4538 Ar.
434 4501 461 4552 p.
480 4483 539 4536 607.
574 4479 725 4535 Schrader.
752 4481 858 4534 Philol.
876 4479 933 4536 vol.
951 4480 994 4533 36.
1011 4497 1039 4548 p.
1057 4477 1116 4532 396.
1135 4475 1193 4530 alii.
