3167 4992
662 289 872 390 ..51-

290 515 465 596 Postquam
494 513 556 579 huc
586 513 803 598 pervenimus,
838 535 944 598 paene
979 514 1022 579 ad
1049 514 1169 580 exitum
1197 516 1340 581 adducta

205 618 352 701 quaestio
382 624 440 684 est.
486 620 569 686 Nam
593 639 676 700 quac
697 625 823 683 restant
846 618 886 684 de
910 619 1094 684 Callistrato
1117 625 1150 684 et
1171 619 1340 685 Philonide

204 743 369 806 perpauca
400 729 472 786 sunt
502 722 680 805 eademque
710 721 940 806 persimplicis,
970 742 1040 786 cum
1068 722 1101 786 11
1124 722 1254 788 dubium
1275 722 1340 787 iam

204 825 273 890 fere
296 825 374 889 nihil
397 824 498 909 possit
520 825 639 890 vocari.
672 825 740 890 Sed
756 825 906 908 quoniam
923 825 963 890 de
980 825 1161 890 actionibus
1175 826 1340 908 hucusque

205 928 358 1012 deinceps
392 928 525 1012 egimus,
559 949 644 994 nunc
674 948 802 1011 quoque
832 949 988 994 memores
1017 929 1171 1012 propositi
1202 929 1340 1012 fabulas,

206 1051 288 1113 quae
317 1031 460 1114 reliquae
484 1038 566 1115 sunt,
597 1032 740 1115 singulas
763 1051 1020 1115 pertranseamus,
1052 1037 1150 1114 atque
1173 1032 1214 1097 de
1236 1032 1341 1097 unius-

206 1134 357 1217 cuiusque
381 1135 601 1202 commissione
625 1156 709 1219 quae
732 1135 831 1200 statui
854 1141 975 1218 queant
997 1135 1110 1219 paucis
1133 1155 1340 1219 exponamus.

289 1240 403 1321 Itaque
437 1239 571 1322 primum
605 1239 789 1304 accedimus
820 1238 865 1302 ad
896 1240 1025 1321 Pacem,
1061 1259 1144 1321 quae
1175 1238 1342 1304 comoedia

204 1362 288 1406 anno
323 1348 395 1426 post
428 1343 607 1426 Vesparum
646 1350 678 1408 et
716 1342 895 1424 Proagonis
932 1342 1185 1407 commissionem
1219 1342 1340 1407 Alcaeo

204 1445 357 1511 archonte
392 1446 490 1511 docta
521 1452 578 1511 est.
628 1447 721 1511 Haec
753 1445 871 1528 legitur
906 1444 1100 1510 didascalia:
1134 1446 1274 1528 Ἑνίκησε
1304 1443 1340 1506 δὲ

204 1553 248 1632 τῷ
286 1547 426 1632 δράματι
464 1548 481 1610 ὁ
520 1547 655 1632 ποιητὴς
687 1547 742 1610 ἐπὶ
777 1550 935 1632 ἄρχοντος
967 1547 1135 1622 Ἀλκαίου,
1173 1547 1209 1611 ἕν
1242 1549 1338 1612 ἄστει.
1380 1561 1385 1568 “

205 1654 333 1735 πρῶτος
370 1650 518 1724 Εὔπολις
554 1650 694 1726 Κόλαξί,
741 1649 889 1734 δεύτερος
931 1652 1170 1734 Ἀριστοφάνης
1208 1651 1339 1736 Εἰρήνῃ,

204 1757 308 1838 τρίτος
331 1754 466 1818 Λεύκων
493 1754 665 1839 Φράτορσι.
704 1754 740 1818 τό
767 1753 803 1816 δὲ
826 1753 936 1837 δρᾶμα
956 1754 1151 1839 ὑπεκρίνατο
1174 1754 1339 1818 Ἀπολλό-

206 1855 321 1941 δωρος,
346 1856 721 1942 ηνικαερμηνλοιοκροτης
735 1860 766 1938 ¹).
800 1857 910 1922 Plauis
932 1858 1030 1941 igitur
1050 1865 1083 1923 11
1098 1846 1218 1942 apertis
1233 1857 1341 1923 verbis

204 1960 356 2044 scriptum
387 1960 531 2026 videmus
564 1960 815 2044 Aristophanem
844 1960 949 2044 ipsum
978 1962 1098 2027 Pacem
1129 1961 1162 2025 in
1189 1981 1341 2026 scaenam

106 2103 110 2109 -
205 2062 369 2128 induxisse
399 2069 431 2127 11
453 2063 629 2128 secundum
651 2063 714 2128 hac
738 2063 906 2128 comoedia
928 2065 1033 2128 locum
1055 2063 1241 2129 obtinuisse.
1286 2066 1340 2129 At-

206 2184 267 2247 que
302 2185 378 2230 1111
413 2165 474 2230 hoc
506 2165 658 2230 traditum
693 2185 763 2231 1111
799 2165 870 2250 ipsa
903 2167 1016 2231 fabula
1047 2168 1157 2250 docet,
1191 2167 1224 2232 in
1252 2168 1341 2233 cuius

206 2373 298 2441 primo
313 2371 417 2426 obtutu
430 2373 516 2427 valde
530 2373 639 2441 arrisit3
657 2373 707 2427 sed
722 2390 784 2426 cum
799 2374 962 2428 accuratius
974 2391 1034 2427 rem
1046 2351 1156 2428 mecum
1168 2378 1342 2444 reputarem,
1389 2398 1393 2406 ¹

205 2464 302 2512 tamen
319 2458 508 2513 haesitabam.
544 2459 618 2513 Nam
637 2460 714 2528 quod
733 2460 812 2513 cadit
830 2460 860 2512 in
878 2459 1071 2528 Philonidcm,
1093 2461 1169 2514 idem
1186 2478 1245 2514 non
1263 2462 1342 2515 cadit

206 2545 236 2596 in
254 2543 423 2614 Amipsiam.
464 2544 647 2599 Philonidem
675 2563 737 2598 cum
762 2546 886 2600 sciamus
904 2545 1134 2615 Aristophaneus
1156 2546 1271 2600 fabulas
1288 2565 1340 2602 suo

206 2633 321 2686 nominc
340 2633 479 2700 docuisse,
504 2632 540 2687 ab
559 2632 614 2687 hoc
633 2633 809 2687 comoediam
829 2633 1004 2697 abiudicare,
1033 2651 1107 2703 quae
1126 2633 1342 2704 Aristophanea

206 2735 267 2772 1111
286 2719 516 2788 magis-videtur,
535 2736 592 2772 non
612 2724 656 2772 est
675 2719 822 2786 audaciae,
842 2721 910 2789 quia
929 2720 989 2774 cius
1006 2736 1110 2773 nomen
1124 2719 1221 2773 multis
1234 2737 1343 2774 comoe-

206 2804 260 2858 diis
289 2804 509 2874 Aristophancis
539 2806 568 2858 in
599 2805 764 2859 didascaliis
796 2806 952 2874 ascriptum
982 2812 1058 2860 erat:
1088 2805 1247 2875 Amipsiam
1278 2824 1342 2860 cum

206 2890 396 2959 Phrynichias
419 2890 533 2945 fabulas
557 2891 689 2946 docuisse
713 2891 828 2944 minime
852 2896 1029 2961 compertum
1053 2891 1219 2960 habeamus,
1242 2892 1343 2946 eodem

206 2977 291 3030 modo
312 2993 397 3046 agero
417 2977 517 3030 dubito
538 2993 574 3030 an
592 2995 651 3031 non
670 2977 764 3031 liccat.
800 2976 875 3031 Nam
893 2979 972 3046 quod
990 2977 1132 3047 Bergkius
1151 2977 1343 3047 fragmentum

206 3061 362 3132 Phrynichi
381 3079 399 3116 a
416 3062 572 3117 Plutarcho
592 3063 622 3115 in
640 3063 690 3116 vit.
709 3061 804 3116 Alcib.
823 3081 847 3116 c.
865 3063 899 3116 20
917 3069 1074 3119 servatum:

416 3143 437 3200 oi
456 3147 567 3216 φίλταθ’
583 3146 683 3217 Ἑρμῆ,
702 3151 746 3200 καὶ
765 3149 912 3217 φυλάττου,
929 3149 968 3216 μή
988 3148 1079 3201 πεσών

415 3233 516 3286 σαυτὸν
533 3234 707 3306 περικρούσμς
725 3239 770 3287 καὶ
789 3235 930 3305 παράσχῃς
949 3234 1077 3303 διαβολήν

412 3321 491 3388 ἑτέρῳ
513 3321 649 3392 Διοκλείδῃ
667 3323 821 3390 βουλομένῳ
840 3321 923 3373 κακόν
940 3339 966 3374 τι
984 3321 1061 3390 δρᾶν.

411 3411 493 3462 ΕΡΜ.
514 3407 677 3476 φυλάξομαι.
704 3407 811 3476 Τεύκρῳ
829 3407 881 3479 γάρ
900 3406 961 3477 οὐχί
978 3408 1114 3476 βούλομαι

412 3493 537 3561 μήνυτρα
556 3492 653 3545 δοῦναι
672 3495 707 3562 τῷ
726 3495 889 3561 παλαμναίῳ
907 3495 972 3560 ξένῳ

207 3577 311 3645 [Kock.
334 3578 369 3630 fr.
388 3577 433 3644 58)
462 3579 500 3631 ad
523 3578 682 3647 Phrynichi
701 3577 909 3632 Comissatores
936 3578 1118 3633 referendum
1146 3597 1209 3633 csse
1236 3584 1344 3646 censet,

206 3664 312 3732 nescio,
335 3681 385 3717 cur
407 3664 480 3718 haec
503 3661 601 3729 verba,
626 3681 699 3734 quae
725 3665 870 3719 11111414
893 3665 921 3717 11
944 3682 1051 3718 scaena
1074 3667 1261 3734 pronuntiata
1280 3682 1343 3718 esse

143 3777 147 3786 ·
206 3751 305 3820 uagari
335 3768 392 3804 non
423 3755 533 3819 potest,
570 3768 585 3804 e
617 3751 803 3820 Monotropo,
840 3751 916 3820 quod
947 3756 977 3804 et
1006 3751 1168 3806 Meinekius
1198 3752 1342 3821 quondam
1438 3753 1442 3759 '

207 3838 378 3904 coniecerat,
398 3842 447 3891 111
466 3854 500 3890 ex
519 3837 576 3890 alia
593 3837 750 3907 Phrynichi
768 3836 870 3891 fabula
882 3838 1005 3892 Lenaeis
1024 3838 1151 3892 eiusdem
1170 3838 1238 3891 anni
1257 3839 1343 3893 docta

206 3925 350 3993 exscripta
374 3940 435 3977 1111
458 3928 613 3993 nequeant.
653 3923 756 3993 Itaque
779 3922 899 3992 Bergkii
922 3923 1122 3992 suspicionem,
1146 3940 1219 3992 quae
1242 3940 1294 3992 per
1312 3941 1342 3976 11

205 4027 263 4065 111
282 4010 319 4064 111
337 4009 523 4078 incredibilis,
543 4009 725 4080 gravioribus
743 4010 919 4079 argumentis
938 4009 1088 4078 magisque
1101 4008 1212 4062 idoneis
1224 4009 1343 4078 probari

206 4112 264 4148 non
283 4112 368 4164 posse
388 4099 465 4148 certe
485 4095 638 4149 dolendum
658 4101 709 4149 cst.

279 4198 298 4266 ¹]
316 4199 444 4252 Litteras
464 4198 587 4266 exhibui,
606 4216 664 4252 non
681 4197 780 4265 verba,
804 4215 867 4251 cum
886 4196 1062 4250 didascaliae
1080 4195 1145 4251 finis
1164 4201 1222 4250 tam
1241 4198 1342 4267 depra-

205 4291 289 4339 vatus
316 4290 433 4355 tamque
460 4285 608 4339 mutilatus
636 4285 674 4338 sit
700 4300 764 4337 mea
788 4284 942 4350 sententia,
969 4288 1002 4336 ut
1025 4301 1138 4337 sensum
1156 4301 1192 4337 ne
1211 4283 1341 4339 divinare

206 4371 321 4442 quidem
339 4373 489 4442 possimus.
517 4369 660 4426 Dindorfii
679 4371 846 4424 coniectura
859 4368 950 4434 ’ἡνίκα
964 4367 1001 4423 ἔτ’
1015 4364 1048 4434 ἦν
1060 4367 1211 4436 ὕποκριττίς’
1228 4369 1342 4426 minime

204 4458 310 4530 placet.
347 4459 381 4513 In
404 4458 484 4514 libris
508 4464 656 4514 exaratum
680 4463 724 4514 111
746 4457 837 4514 hocce
854 4456 953 4512 modo:
981 4455 1059 4522 ἡνίκα
1077 4455 1163 4528 ἑρμῆν
1180 4458 1343 4528 λοιοκρίτης.
