3167 4992
653 311 865 378 ..31-

281 499 430 565 Profecto
458 499 541 564 haec
564 498 670 565 omnia
693 520 734 564 ex
757 499 934 566 Callistrati
956 499 1116 565 sententia
1138 498 1330 583 accipienda

195 609 276 687 sunt,
300 624 375 668 narn
398 602 439 667 de
462 602 524 667 hoc
547 602 765 686 coryphaeum
786 603 970 684 loquentem
992 602 1070 668 fecit
1088 602 1329 687 Aristophanes.

194 707 279 773 Illud
302 706 440 790 quidem,
465 706 551 789 quod
575 706 663 771 cives
686 713 789 790 rogat,
813 713 938 791 postea,
962 707 989 772 si
1012 707 1094 772 forte
1111 730 1129 773 e
1144 729 1179 773 re
1196 714 1275 792 erat,
1298 708 1332 772 in

196 833 230 876 se
253 811 323 895 ipse
339 809 570 893 Aristophanes
594 817 780 876 convertere
801 816 938 894 poterat.
969 812 1052 878 Nam
1069 812 1124 877 ubi
1139 812 1208 896 ipse
1225 813 1330 896 docet,

196 913 340 980 succedit
363 913 455 996 quasi
477 913 510 978 in
533 913 704 979 stationem
719 914 905 998 callistrati,
928 920 962 980 et
983 916 1094 980 valent
1115 923 1183 980 turn
1205 915 1236 979 in
1259 937 1332 981 eum

198 1039 281 1102 quae
310 1024 407 1110 antea
434 1017 467 1080 in
491 1017 718 1082 Callistratum.
770 1019 885 1100 Itaque
908 1018 1022 1084 laudes
1044 1019 1120 1085 illae
1143 1020 1331 1103 permultae,

198 1143 269 1188 curn
301 1128 432 1206 propter
461 1121 715 1204 Aristophaneas
750 1122 880 1187 fabulas
913 1123 1115 1188 Callistratus
1148 1123 1196 1188 eis
1230 1124 1333 1188 elatus
1431 1212 1436 1218 Ι

197 1232 291 1310 esset,
325 1225 416 1308 ipsae
446 1223 543 1290 etiam
571 1225 615 1289 ad
642 1225 891 1310 Aristophanem
918 1227 1061 1292 converti
1092 1247 1225 1293 necesse
1252 1233 1332 1311 erat,

196 1352 266 1395 cum
294 1335 392 1415 poeta
420 1350 478 1396 suo
500 1329 627 1394 nomine
650 1330 793 1415 praefixo
817 1331 876 1396 has
899 1330 1028 1397 fabulas
1051 1332 1180 1397 edebat.
1226 1331 1333 1409 Quare
1413 1376 1418 1382 -

196 1435 321 1499 omnino
344 1433 473 1516 ingenio
489 1455 564 1500 vere
581 1435 817 1519 Aristophaneo
833 1433 918 1501 hane
932 1435 1107 1518 parabasin
1124 1435 1333 1519 compositam

197 1558 267 1603 esse
291 1559 354 1603 non
377 1543 483 1621 potest
506 1538 628 1620 negari.

283 1641 349 1707 Sed
373 1641 450 1724 quid
473 1640 514 1706 de
529 1641 657 1729 Aegina
678 1641 881 1708 iudicamus?
915 1642 977 1719 Qui
999 1641 1068 1707 fieri
1082 1641 1196 1726 potuit,
1219 1649 1255 1707 ut
1270 1663 1334 1707 una

197 1767 268 1810 curn
290 1746 395 1810 insula
417 1751 516 1829 poeta
539 1766 665 1828 quoque
688 1745 937 1811 Atheniensibus
959 1745 1159 1829 eriperetur?
1196 1746 1333 1813 Nostrae

196 1849 314 1915 aetatis
343 1849 403 1914 viri
434 1849 534 1933 docti,
566 1849 621 1932 qui
650 1849 734 1914 hanc
764 1850 985 1932 quaestionem
1014 1849 1231 1934 instituerunt,
1266 1849 1334 1915 sive

195 1953 443 2037 Aristophanem
472 1953 540 2018 sive
565 1953 781 2019 Callistratum
811 1954 970 2019 hocloco
997 1952 1241 2036 intelligendum
1263 1973 1334 2018 esse

181 2053 401 2141 ¹censuerunt,
433 2077 560 2142 semper
589 2057 636 2122 ita
665 2077 732 2122 rem
763 2056 1012 2141 expedirerunt,
1045 2063 1080 2121 ut
1108 2056 1335 2138 grammaticos

197 2167 369 2242 sequentes
397 2161 482 2227 hunc
505 2167 561 2226 aut
583 2160 671 2225 illum
694 2161 841 2226 colonum
864 2160 1005 2226 Atticum
1026 2157 1060 2225 in
1082 2161 1209 2242 Aegina
1232 2161 1335 2226 insula

201 2262 298 2328 fuisse
321 2269 507 2330 statuerent.
543 2264 677 2358 Constat
692 2263 776 2329 enim
795 2263 849 2346 (cf.
866 2263 968 2329 Thue.
984 2264 1025 2328 ΙΙ.
1043 2265 1097 2345 27)
1120 2264 1335 2330 Athenienses

137 2393 139 2396 ¹
199 2388 282 2432 anno
310 2368 372 2432 431
401 2366 570 2450 Aeginetis
604 2367 746 2451 expulsis
780 2367 917 2450 praedia
946 2367 1070 2433 insulae
1099 2367 1182 2433 inter
1204 2369 1334 2434 colonos

196 2471 320 2536 Atticos
354 2471 562 2555 distribuisse,
597 2471 629 2534 in
664 2491 797 2554 quorum
829 2491 960 2536 numero
988 2471 1206 2536 Callistratum
1235 2472 1334 2537 fuisse

196 2575 266 2659 ipse
301 2596 341 2640 ex
376 2576 447 2640 loeo
477 2574 722 2658 Aristophaneo,
758 2574 799 2639 de
829 2595 891 2657 quo
920 2573 1055 2658 agimus,
1090 2581 1178 2640 certo
1206 2575 1332 2657 colligo.

158 2688 160 2694 ’
196 2681 313 2745 Verum
348 2679 477 2761 quidem
505 2687 563 2763 est,
599 2679 724 2744 etiarnsi
752 2678 798 2743 ita
826 2700 894 2744 rem
920 2700 954 2745 se
982 2679 1133 2745 habuisse
1156 2679 1333 2763 statuimus,

197 2783 405 2848 difficultates
435 2782 591 2866 quasdam
621 2789 773 2848 accurate
801 2787 834 2847 et
857 2782 1028 2865 diligenter
1049 2782 1335 2866 interpretantibus

198 2888 340 2971 obstare,
387 2907 467 2970 quas
510 2886 717 2952 difficultates
759 2886 878 2970 primus
915 2888 1025 2970 palam
1062 2886 1186 2952 detexit
1221 2887 1335 2951 Muller

198 2989 447 3073 Strtibingensis.
483 2990 655 3056 Contendit
678 2989 761 3054 enirn
784 2989 907 3058 hicvir
930 2990 1053 3073 doctus,
1077 2995 1175 3072 atque
1197 2989 1232 3054 id
1246 2997 1334 3055 recte

198 3092 337 3177 quidem,
360 3094 387 3158 si
409 3093 537 3176 Aegina
552 3092 822 3158 Lacedaemoniis
838 3113 931 3159 cessa
947 3099 1042 3177 osset,
1066 3094 1196 3158 colonos
1211 3092 1335 3158 Atticos

196 3197 240 3262 ad
275 3217 371 3262 unum
406 3217 515 3262 omnes
543 3197 688 3262 Athenas
720 3195 879 3262 redituros
908 3195 1017 3281 fuisse,
1051 3216 1156 3278 neque
1185 3217 1336 3279 umquam

195 3300 466 3366 Lacedaemoniis
499 3300 560 3366 hoc
594 3300 688 3366 modo
723 3299 909 3382 contingere
942 3299 1095 3385 potuisse,
1130 3306 1165 3364 ut
1191 3299 1336 3365 hostibus

197 3405 318 3470 clarum
344 3404 433 3470 illum
461 3409 592 3488 poetam
622 3387 801 3488 eriperents
841 3405 956 3486 Itaque
983 3403 1053 3487 ipse
1082 3403 1220 3468 coniecit
1242 3403 1336 3469 Calli-

197 3513 332 3572 stratum
363 3507 428 3576 iam
461 3514 537 3573 ante
566 3528 663 3590 quam
690 3507 905 3573 Athenienses
932 3507 1109 3589 Aeginetas
1139 3506 1336 3591 expulissent

199 3598 367 3694 praedium
389 3611 422 3675 in
444 3611 548 3678 insula
570 3611 732 3695 habuisse,
757 3611 844 3694 quod
864 3610 1126 3695 Lacedaemonii,
1149 3611 1178 3676 si
1192 3611 1336 3676 Athenas

197 3734 260 3778 non
290 3713 427 3796 migrare
452 3715 592 3780 animum
613 3713 801 3798 induxisset,
829 3715 953 3780 salvum
975 3713 1006 3779 ei
1028 3713 1241 3780 retinuissent.
1286 3715 1336 3778 In-

197 3817 331 3900 geniose
365 3824 452 3884 certe
486 3819 535 3883 vir
569 3818 682 3884 doctus
715 3818 776 3884 hoe
811 3818 1009 3900 excogitavit
1038 3839 1143 3901 neque
1172 3838 1248 3882 vero
1275 3816 1336 3882 sibi

196 3921 301 4004 ipsum
323 3921 527 3988 satisfecisse¹
541 3922 650 4005 palam
665 3921 829 4006 professus
845 3928 902 3987 est.
937 3922 1008 3986 Hoc
1023 3927 1140 4004 autem,
1164 3926 1199 3984 ut
1214 3919 1335 4004 opinor,

195 4025 349 4090 remansit
380 4025 410 4092 ei
434 4025 653 4109 dubitationis,
683 4026 769 4109 quod
792 4025 897 4092 civem
918 4024 1068 4108 Atticum,
1098 4023 1223 4088 etiamsi
1246 4043 1337 4088 suum

196 4129 359 4213 proprium
381 4129 551 4213 praedium
573 4129 720 4195 amittere
744 4151 824 4215 opus
847 4129 969 4212 fuisset,
993 4134 1101 4194 tamen
1123 4127 1267 4192 Athenas
1289 4148 1337 4193 rc-

197 4232 335 4298 diturum
367 4233 466 4298 fuisse
490 4233 551 4299 sibi
573 4232 643 4318 ipse
666 4253 730 4298 non
752 4240 880 4319 poterat
902 4252 1024 4315 negare
1047 4237 1104 4296 aut
1126 4230 1335 4297 dissimulare.

195 4337 302 4419 Atque
333 4336 472 4403 fortasse
501 4337 536 4401 id
563 4336 667 4422 ipsum
694 4337 763 4402 fieri
790 4337 845 4403 vix
873 4335 1015 4421 potuisse
1039 4336 1069 4402 ei
1091 4336 1194 4401 visum
1217 4343 1275 4420 est,
1303 4341 1338 4401 ut

197 4439 276 4506 civis
311 4440 517 4508 Atheniensis
551 4440 634 4507 inter
667 4440 854 4526 Aeginetas,
889 4440 1008 4524 quippe
1043 4439 1097 4523 qui
1130 4438 1337 4505 inimicissimi
