3167 4992
656 309 871 372 a--41'..

192 498 273 563 Ran.
298 517 343 561 vs.
370 498 409 561 13
434 495 537 580 docet,
568 497 621 580 qui
643 497 860 582 Phrynichum
887 488 1041 566 comicum
1068 506 1103 564 ut
1125 499 1328 584 peregrinum

191 599 396 686 perstrictum
425 621 495 666 esse
520 608 644 667 narrat:
678 601 880 688 κωμῳδεῖται
909 602 946 666 δὲ
974 603 1027 665 καὶ
1051 603 1094 678 ὠς
1116 606 1206 680 ξένος
1228 608 1285 686 (εο.
1310 603 1328 666 ὁ

196 706 379 790 Φρύνιχος).
415 705 520 787 Atque
543 705 576 769 in
598 704 778 789 fragmento
803 707 942 788 quodam
964 707 1143 792 Eupolideo
1166 707 1328 791 peregrini

191 813 309 894 poetae
332 809 492 893 expressis
513 809 620 876 verbis
642 811 853 895 nominantur,
878 812 964 894 quod
986 812 1028 878 ad
1051 812 1166 877 similia
1182 812 1329 877 convicia

191 932 296 996 neque
318 933 382 977 non
405 911 449 976 ad
467 911 714 997 Aristophanem
739 934 865 997 quoque
888 920 1036 998 spectare
1060 915 1139 981 satis
1160 916 1328 1000 probabile

193 1022 242 1082 est
265 1015 372 1100 (Mein.
397 1016 435 1081 fr.
452 1017 492 1082 Π.
515 1037 590 1101 pag.
607 1017 681 1082 546.
711 1017 816 1083 Koch.
840 1017 878 1083 fr.
895 1019 985 1100 350:

278 1126 349 1190 ἀλλ’
371 1129 509 1204 duorlar,
533 1128 557 1191 ὦ
580 1133 712 1204 θεαταί,
735 1129 824 1212 τάμὰ
845 1130 898 1192 καὶ
921 1133 1042 1206 ξυνίετε

280 1231 409 1317 ῥήματ’·
431 1233 515 1296 stov*
538 1233 598 1320 γὰρ
622 1217 705 1320 πρὸς
728 1232 813 1316 ὑμᾶς
835 1238 967 1320 πρῶτον
989 1234 1249 1320 ἀπολογήσομαι.

475 1319 654 1418 (Lacunam
677 1341 782 1401 statuo
809 1357 880 1402 cum
903 1338 1054 1418 Koekio).

280 1442 298 1503 ό
320 1465 350 1502 τι
373 1439 541 1514 παθόντες
563 1441 639 1514 τούς
662 1444 772 1517 ξένους
793 1441 853 1523 μὲν
873 1441 978 1521 λέγετε
1001 1443 1139 1527 ποιητὰς
1160 1443 1297 1527 σοφούς,

279 1548 319 1630 ἢν
342 1544 379 1608 δέ
405 1567 452 1618 τις
474 1548 538 1608 τοῖν
559 1543 677 1608 ἐνθάδ’
700 1545 804 1608 αὐτοῦ
824 1545 906 1629 μηδὲ
927 1549 962 1610 ἓν
983 1555 1091 1632 χεῖρον
1114 1549 1246 1631 φρονεῖν

171 1645 178 1659 “
279 1647 467 1733 ἓπιτιθῆται
489 1652 526 1736 τῇ
549 1647 688 1734 ποιήσει,
713 1649 802 1713 πάνυ
826 1650 917 1713 δοκεῖ
936 1655 1040 1724 κακῶς
1062 1660 1207 1736 φρονεῖν,

259 1762 262 1770 ’
280 1755 428 1835 μαίνεταί
451 1777 484 1814 τε
506 1753 559 1816 καὶ
583 1763 745 1839 παραρρεῖ
763 1757 828 1818 τῶν
851 1759 978 1839 φρενῶν
1003 1758 1047 1840 τῷ
1069 1758 1114 1841 σῷ
1135 1755 1233 1841 λόγῳ.

280 1856 351 1920 ἀλλ’
365 1855 436 1939 ἐμοὶ
452 1860 614 1920 πείθεσθε
627 1856 765 1932 πάντως.
786 1857 1019 1940 μεταβαλόντες
1030 1859 1106 1932 τοὺς
1117 1858 1262 1942 τρόπους

280 1961 323 2045 μὴ
352 1963 512 2045 φθονεῖθ’
540 1963 618 2026 ὅταν
646 1981 694 2035 τις
721 1961 812 2047 ἡμῶν
838 1967 974 2050 μουσικῇ
1000 1966 1095 2048 χαίρῃ
1122 1966 1203 2026 νέων

407 2069 412 2078 ’
1023 2066 1142 2148 (συνών
1163 2067 1282 2146 Koch.)

197 2175 325 2240 Revera
359 2179 467 2240 autem
494 2173 650 2240 eiusmodi
679 2174 826 2240 convicia
852 2175 885 2239 in
912 2176 1027 2259 vulgus
1052 2184 1130 2242 nota
1158 2183 1191 2242 et
1213 2179 1333 2244 usitata

199 2277 334 2344 Athenis
357 2277 454 2344 fuisse
478 2284 625 2362 apparet,
650 2278 735 2361 quod
759 2284 791 2345 et
807 2279 861 2344 alii
878 2280 965 2345 cives
979 2281 1042 2346 hoe
1057 2280 1152 2346 modo
1168 2303 1188 2346 a
1204 2282 1334 2348 comicis

198 2381 504 2468 perstringebantur,
528 2383 616 2447 velut
638 2383 851 2467 Hyperbolus,
876 2403 971 2465 quem
992 2385 1108 2449 Platon
1130 2385 1334 2469 peregrinum

200 2491 232 2552 et
263 2486 401 2571 Lydum,
435 2483 604 2569 Polyzelus
637 2483 800 2568 Phrygem
829 2484 1007 2569 appellavit
1036 2485 1089 2567 (of.
1113 2488 1218 2554 Kock.
1247 2488 1285 2554 fr.
1309 2490 1333 2554 Ι.

199 2609 275 2673 pag.
299 2589 372 2672 643,
398 2589 468 2654 166.
495 2588 564 2652 167.
592 2609 668 2671 pag.
693 2588 766 2671 645,
792 2589 862 2653 170.
892 2609 968 2672 pag.
987 2591 1058 2673 791,
1071 2592 1114 2671 5).
1148 2593 1191 2656 Et
1207 2599 1335 2658 exstant

200 2692 315 2760 similia
349 2693 498 2777 exempla
531 2693 640 2774 multa,
674 2712 779 2775 neque
807 2693 909 2757 solum
936 2692 1025 2777 apud
1048 2693 1197 2780 comicos
1227 2717 1337 2762 verum

201 2798 300 2865 etiam
322 2797 410 2883 apud
432 2803 575 2862 oratores
598 2795 743 2878 ahosque
766 2795 948 2881 scriptores.

285 2903 399 2984 Neque
426 2900 494 2966 veri
523 2899 674 2966 dissimile
703 2919 774 2965 esse
797 2899 874 2964 mihi
896 2899 1023 2966 videtur
1045 2902 1281 2987 grammaticos,
1311 2904 1337 2968 si

200 3007 281 3073 talia
303 3004 477 3071 maledieta
499 3005 532 3068 in
547 3004 796 3088 Aristophanem
819 3023 946 3086 quoque
968 3004 1092 3069 iactata
1115 3005 1147 3069 in
1164 3005 1337 3072 comoediis

201 3109 418 3192 inveniebant,
448 3106 688 3193 peregrinitatis
716 3127 864 3173 caussam
894 3128 935 3173 ex
961 3107 1011 3172 his
1039 3114 1234 3174 commentos
1257 3130 1337 3194 esse,

202 3238 274 3282 cum
313 3236 354 3280 ex
386 3212 639 3278 Achamensium
678 3211 833 3296 parabasi
866 3211 1114 3295 Aristophanem
1147 3212 1339 3295 Aeginetam

201 3320 300 3386 fuisse
335 3316 417 3383 falso
446 3317 640 3400 ¹colligerent
677 3305 779 3398 atque
812 3315 901 3381 litem
933 3316 1022 3381 illam
1054 3316 1088 3380 in
1123 3317 1340 3382 Callistratum

202 3419 358 3490 intentam
388 3421 431 3487 ad
457 3428 588 3506 poetam
610 3420 776 3504 referrent,
806 3420 896 3484 cuius
919 3419 1078 3504 opinionis
1101 3441 1188 3486 error
1210 3421 1243 3486 in
1266 3422 1340 3487 Vita

204 3526 296 3592 nobis
327 3523 470 3589 occurrit.
523 3524 587 3589 Aut
616 3523 724 3606 etiam,
756 3522 842 3604 quod
868 3523 920 3587 vel
942 3523 1080 3588 maxime
1104 3523 1258 3589 credibile
1281 3531 1340 3609 est,

205 3630 237 3695 iu
267 3628 433 3695 comoedia
462 3628 572 3711 aliqua
600 3627 641 3693 de
669 3627 732 3692 hac
756 3645 871 3692 caussa
894 3626 1050 3708 legerunt.
1086 3627 1194 3704 Quid?
1227 3629 1341 3696 Nonne

203 3733 271 3799 fieri
305 3731 422 3818 potuit,
460 3737 495 3796 ut
533 3731 673 3798 comicus
706 3736 806 3814 poeta
838 3729 947 3795 neseio
981 3730 1067 3814 quis,
1102 3736 1175 3815 post
1208 3730 1342 3813 Equites

203 3838 350 3920 fortasse,
382 3837 535 3902 Cleonem
563 3836 752 3920 hortaretur,
783 3840 818 3899 ut
844 3839 953 3899 tantas
981 3834 1095 3899 comici
1125 3835 1256 3900 iniurias
1279 3856 1342 3900 non

204 3943 321 4010 inultas
350 3943 541 4026 pateretur?
585 3941 709 4024 Nonne,
744 3945 779 4005 ut
809 3937 908 4004 etiam
934 3938 1038 4021 magis
1062 3938 1231 4004 coriarium
1254 3939 1342 4021 vulgi

205 4044 383 4131 principem
406 4044 565 4128 illuderet,
597 4045 715 4110 acerbe
739 4048 771 4108 et
793 4041 928 4107 ridicule
952 4041 982 4107 ei
1005 4040 1143 4106 suadere
1166 4039 1280 4124 potuit,
1308 4047 1344 4106 ut

204 4150 394 4216 insolentem
416 4154 547 4235 poetam
569 4145 810 4232 peregrinitatis
825 4167 914 4210 reum
929 4145 1062 4227 faceret,
1086 4150 1121 4209 ut
1136 4144 1342 4230 Aegyptium,

205 4260 239 4320 ut
266 4275 287 4318 a
316 4273 409 4319 servo
437 4258 540 4317 ortum
570 4272 642 4317 eum
671 4270 741 4316 esse
769 4249 976 4315 conviceret?
1021 4249 1105 4315 Nam
1132 4247 1193 4313 hoc
1217 4268 1344 4332 quoque

205 4357 293 4443 apud
316 4357 451 4423 Suidam
473 4356 608 4439 legimus
630 4375 655 4420 s
679 4376 708 4418 v.
737 4353 986 4440 Ἀριστοφόνηςε
1010 4351 1092 4425 τινὲς
1116 4350 1151 4413 δὲ
1174 4351 1274 4414 αὐτὸν
1289 4355 1341 4414 καὶ

206 4460 400 4528 ἃπόδουῖον
433 4459 644 4548 ἱστορήκασιν.
700 4457 850 4525 Profecto
886 4477 950 4522 non
984 4455 1114 4539 dubito,
1154 4455 1230 4537 quin
1263 4454 1345 4520 haee
