3167 4992
687 371 897 435 ,22-

224 558 456 643 Aristophanes
489 579 547 624 nos
581 580 643 624 non
678 559 831 626 edoceret
865 567 964 643 atque
997 561 1023 626 si
1058 561 1141 628 haec
1175 563 1296 629 Suidae
1330 571 1363 630 et

224 661 331 727 Photii
357 662 540 728 testimonia
569 685 632 730 non
661 671 836 750 exstarent,
865 671 974 730 tamen
1000 666 1090 731 multi
1113 667 1363 752 Babyloniorum

225 785 352 848 quoque
379 766 524 831 fabulam
546 789 566 832 a
590 767 774 834 Callistrato
806 769 936 834 doctam
958 789 1029 835 esse
1052 791 1115 835 uon
1138 771 1362 856 concederent,

226 869 312 952 quod
339 891 380 936 ex
403 870 663 937 Achamensihus
685 873 869 939 necessario
893 894 1093 957 consequens
1115 895 1186 941 esse
1209 895 1268 940 nos
1291 896 1363 962 oon-

224 973 392 1040 tendimus.
422 975 554 1058 Negant
575 975 658 1040 enim
673 976 719 1040 illi
735 998 776 1042 ex
793 977 889 1042 certis
905 977 1095 1060 quibusdam
1109 977 1363 1044 Achamensium

225 1077 304 1143 locis
326 1077 361 1143 id
384 1079 492 1162 colligi
515 1099 620 1163 posse,
645 1080 730 1161 quod
746 1100 804 1146 nos
820 1081 1007 1163 colligimus.
1039 1083 1153 1162 Itaque
1170 1102 1363 1165 quamquam

227 1181 444 1247 Callistratum
477 1187 511 1246 ut
540 1182 793 1248 Acharnensium
827 1183 873 1248 ita
900 1183 1151 1268 Babyloniorum
1176 1184 1363 1268 magistrum

226 1285 324 1350 fuisse
357 1285 478 1367 liquide
507 1292 632 1351 constat
660 1292 757 1368 atque
785 1287 827 1351 ab
857 1286 1002 1352 omnibus
1025 1287 1220 1373 conceditur,
1255 1294 1364 1353 tamen

227 1409 299 1454 cum
323 1389 448 1455 duabus
470 1391 519 1456 his
542 1390 715 1456 comoediis
737 1411 777 1456 ea
798 1391 944 1473 quaestio
965 1391 1126 1475 cohaeret,
1147 1412 1212 1474 qua
1227 1391 1365 1456 virorum

228 1494 402 1578 doctorum,
438 1495 491 1576 qui
526 1495 566 1561 de
600 1495 825 1579 Aristophanis
860 1517 932 1561 oum
963 1495 1147 1562 Callistrato
1181 1496 1364 1562 conditione

228 1603 371 1680 egerunt,
407 1597 504 1663 animi
537 1598 675 1664 maxime
704 1599 852 1664 commoti
882 1604 964 1665 sunt.
1008 1600 1123 1682 Neque
1150 1599 1220 1665 deri
1247 1605 1364 1684 potest,

229 1699 305 1784 quin
327 1719 385 1766 nos
409 1721 535 1784 quoque
558 1701 591 1766 in
613 1702 697 1768 hanc
719 1723 787 1769 rem
811 1703 996 1786 diligentius
1018 1703 1223 1786 inquiramus.

317 1804 485 1871 Traditum
516 1805 599 1871 enim
627 1811 676 1872 est
708 1806 741 1870 in
771 1807 901 1872 scholiis
928 1813 962 1873 et
989 1808 1125 1890 legimus
1152 1807 1241 1893 apud
1262 1808 1366 1893 ipsum

229 1913 360 1992 poetam
386 1908 419 1972 in
441 1908 701 1976 Achamensibus
723 1916 797 1995 post
819 1911 949 1977 doctam
970 1911 1220 1997 Babyloniorum
1243 1933 1366 1978 comoe-

231 2011 318 2077 diam
339 2013 380 2078 0b
403 2012 488 2079 hanc
511 2013 615 2098 ipsam
637 2014 781 2080 fabulam
798 2015 917 2081 Cleone
940 2021 1071 2081 auctore
1095 2036 1243 2082 caussam
1259 2024 1367 2082 actam

230 2135 302 2182 esse
325 2116 414 2200 apud
436 2122 618 2183 senatores:
643 2118 713 2200 quis
735 2139 810 2184 reus
824 2119 930 2204 fuerit,
954 2119 1103 2185 dubitant
1117 2125 1226 2186 testes.
1260 2121 1367 2204 Atque

231 2240 272 2286 ne
305 2218 421 2284 nostris
456 2220 585 2303 quidem
615 2221 812 2306 temporibus
845 2222 905 2287 riri
936 2223 1023 2288 docti
1050 2224 1261 2308 consentiunt,
1296 2245 1368 2290 oum

231 2321 287 2388 alii
309 2323 566 2410 Aristophanem,
591 2325 868 2407 quiecmoediam
891 2326 1054 2412 scripserit
1065 2330 1098 2413 ¹),
1126 2328 1181 2393 alii
1205 2328 1367 2394 Callistra-
1410 2371 1413 2377 ·

231 2431 307 2509 tum,
336 2427 390 2509 qui
418 2447 491 2493 eam
520 2447 577 2494 suo
607 2428 734 2494 nomine
758 2428 904 2495 docuerit
912 2430 947 2514 ²),
975 2430 1031 2496 ahi
1052 2433 1251 2515 utrumque3)
1275 2453 1368 2498 accu-

231 2536 337 2596 satum
360 2551 430 2597 esse
454 2538 617 2598 censeant.
648 2533 783 2599 Veteres
806 2534 1033 2618 grammaticos
1056 2535 1150 2602 simili
1172 2536 1266 2603 modo
1286 2537 1369 2603 inter

231 2655 266 2700 se
290 2635 478 2702 dissensisse
502 2636 652 2719 equidem
674 2657 737 2701 non
760 2637 864 2702 miror.
899 2639 1041 2704 Posteris
1064 2638 1148 2705 enim
1162 2641 1368 2726 temporibus,

231 2745 267 2805 ut
294 2739 362 2805 fieri
392 2741 475 2805 solet
501 2739 534 2804 in
563 2739 743 2806 hominibus
771 2740 875 2807 minus
898 2742 994 2808 claris
1017 2748 1050 2808 et
1072 2743 1165 2829 notia,
1195 2744 1370 2811 Callistrati

231 2843 384 2910 memoria
407 2845 634 2930 evanescebat,
659 2853 691 2911 et
711 2846 857 2940 plerique
875 2846 1098 2933 Aristophanis
1120 2848 1311 2934 interpretes
1326 2850 1370 2915 ad

232 2955 363 3033 poetam
392 2948 496 3033 ipsum
522 2949 628 3014 omnia
654 2955 775 3016 temere
798 2948 991 3018 referebant.
1041 2954 1109 3021 Nos
1132 2953 1270 3038 quidem,
1299 2975 1370 3020 oum

232 3052 483 3138 Babyloniorum
517 3053 716 3120 comoediam
752 3076 773 3119 a
801 3055 984 3122 Callistrato
1019 3056 1149 3123 doctam
1182 3078 1253 3124 esse
1282 3065 1370 3126 certo

233 3161 368 3240 constet,
391 3155 424 3221 in
448 3177 543 3240 quam
566 3178 676 3223 eamus
699 3159 900 3244 sententiam,
925 3159 1056 3226 dubium
1078 3181 1149 3227 esse
1172 3162 1291 3244 nequit.

320 3259 386 3325 Sed
416 3260 623 3344 inspiciamus
650 3262 722 3346 ipsa
752 3262 944 3347 testimonia,
976 3285 1060 3346 quae
1083 3264 1127 3329 ad
1148 3285 1216 3330 rem
1238 3266 1370 3352 iaciunt,

234 3384 275 3429 ue
297 3368 418 3430 temere
441 3363 585 3430 iudicare
608 3365 784 3430 videamur.
829 3365 968 3432 Acham.
992 3387 1039 3433 vs.
1063 3369 1124 3433 377
1148 3389 1235 3453 sqq:

237 3542 442 3552 —-....———-

307 3642 326 3711 1)
354 3642 509 3697 Fritzsche.
540 3643 657 3707 Quaest.
685 3642 774 3698 Arist.
798 3642 820 3695 Ι.
849 3661 877 3712 p.
898 3645 947 3698 301
973 3661 1035 3715 sqq.
1074 3645 1180 3716 Bergk.
1213 3663 1261 3716 ap.
1286 3647 1372 3701 Mein.

235 3733 271 3786 fr.
290 3731 328 3785 II.
347 3749 375 3800 p.
394 3730 443 3784 932
469 3736 498 3784 et
519 3729 549 3782 in
568 3729 705 3784 Zeitschr.
725 3730 745 3783 f.
764 3729 1011 3786 Geschichtswiss.
1030 3732 1074 3786 ed.
1093 3731 1230 3787 Schmidt.
1257 3733 1315 3789 vol.
1334 3733 1373 3788 II.

236 3837 264 3888 p.
283 3818 428 3872 uos-211.
468 3817 602 3871 Dindorf.
635 3823 712 3888 poet.
736 3834 831 3871 scaen.
855 3835 882 3886 p.
901 3818 943 3871 27.
983 3816 1018 3872 A.
1036 3818 1147 3872 Miiller.
1179 3820 1223 3873 ed.
1246 3818 1372 3874 Acham.

237 3905 371 3960 Hannov.
400 3905 474 3960 1863.
511 3922 539 3972 p.
566 3904 649 3958 XIII.
700 3903 747 3957 W.
774 3903 915 3959 Ribbeck.
958 3905 1003 3958 ed.
1032 3905 1158 3960 Acharn.
1186 3905 1265 3976 Lips.
1298 3908 1373 3962 1864.

237 4009 265 4061 p.
282 3993 341 4046 816.
1003 3986 1009 4015 ⁸

307 4080 329 4147 ²)
349 4079 379 4134 C.
396 4080 442 4133 Fr.
455 4079 611 4133 Hermann.
641 4077 772 4131 Prooem.
792 4078 893 4133 aestiv.
911 4077 1056 4147 Marhurg.
1076 4077 1151 4132 1835.
1185 4077 1297 4134 Ranke.
1321 4081 1372 4135 vit.

237 4169 326 4222 Arist.
354 4183 399 4235 ap.
424 4167 509 4220 Mein.
533 4183 560 4235 p.
579 4163 657 4218 XVI.
675 4187 676 4190 ¹
697 4164 729 4217 Ε.
753 4164 902 4218 Petersen.
937 4163 1078 4218 Fleckeis.
1102 4163 1178 4218 Arm.
1198 4166 1241 4219 85.
1268 4184 1295 4235 p.
1314 4167 1373 4222 655.

239 4252 352 4308 Teuffel
376 4253 405 4306 in
427 4252 461 4306 R.
479 4252 512 4305 Ε.
543 4251 588 4305 ed.
606 4249 709 4319 Pauly.
741 4266 763 4302 s.
783 4268 810 4304 v.
828 4248 917 4304 Arist.
957 4248 1169 4304 Miiller-Striib.
1193 4250 1281 4305 Arist.
1300 4271 1327 4306 u.
1346 4254 1373 4306 d.

239 4341 306 4396 hist.
324 4340 399 4393 Krit.
418 4357 446 4408 p.
465 4339 524 4392 607.
559 4338 592 4391 Ε.
608 4337 715 4406 Meyer.
740 4337 785 4390 De
804 4335 892 4390 Arist.
910 4336 970 4391 fab.
989 4337 1129 4392 commiss.
1149 4337 1244 4392 Berol.
1264 4339 1339 4392 1863.

308 4425 331 4493 ³)
357 4425 409 4479 Od.
427 4425 538 4479 Miller.
567 4425 633 4478 hist.
655 4424 712 4478 litt.
737 4423 840 4478 Graec.
859 4423 897 4476 II.
920 4441 949 4492 p.
968 4423 1028 4478 219.
1063 4424 1157 4480 Kock.
1181 4424 1227 4478 De
1245 4424 1321 4478 Phil.
1343 4430 1374 4479 ct

242 4512 313 4572 Call.
349 4512 386 4566 H.
405 4511 556 4567 Schrader.
581 4511 686 4567 Philol.
704 4510 762 4567 vol.
780 4498 824 4564 36.
846 4528 874 4579 p.
891 4509 942 4564 385
960 4527 1023 4580 sqq.
