3167 4992
584 258 902 361 ἰου-

231 480 396 566 ἐδιδάχθη
422 481 477 545 snt
506 484 664 567 ἄρχοντος
690 483 844 565 Ἀμεινίου
873 485 928 548 διά
960 486 1155 562 Φιλωνίδου,
1183 486 1218 552 ἓν
1240 492 1276 576 τῇ
1297 489 1364 552 ουδ’

233 584 427 667 ὀλυμπιάδι.
476 585 625 672 δεύτερος
657 586 707 672 ἦν.
765 589 811 662 εἷς
843 587 980 672 Λήναια.
1030 591 1082 652 καὶ
1115 590 1204 655 ἓνίιιοι
1236 597 1364 678 πρῶτος

158 717 162 725 ·
237 688 416 774 Φιλωνίδης
438 690 613 776 Προάγωνι
625 693 660 774 ¹),
684 691 818 756 Λεύκων
842 695 995 777 Πρέσβεσι
1017 697 1132 779 τρίτος.
1167 695 1233 762 Sed
1256 716 1365 779 quam-

228 791 280 857 vis
309 792 377 858 veri
399 793 541 879 speciem
563 794 647 860 haec
669 795 769 860 uerba
792 816 871 880 prae
893 816 929 862 se
952 797 1066 880 ferant,
1096 804 1203 864 tamen
1225 820 1364 883 magnae

231 896 337 961 insunt
367 895 582 980 difficultates
616 918 721 981 neque
755 904 861 982 potest
895 899 1075 965 didascalia
1109 901 1249 984 genuina
1282 923 1363 968 esse.

229 999 315 1066 'Nam
343 999 370 1064 si
392 1000 478 1065 nullo
501 1000 646 1066 adhibito
669 1001 941 1086 interpretationis
962 1004 1146 1070 adiumento
1168 1006 1268 1071 verba
1291 1027 1364 1071 con-

231 1103 436 1188 templamur,
473 1104 678 1170 statuendum
715 1111 764 1170 cst
796 1104 997 1170 Philonidem
1031 1145 1067 1154 —-
1104 1120 1198 1190 quem
1234 1114 1364 1192 poetam

231 1206 329 1273 fuisse
355 1207 471 1273 scimus
493 1247 535 1258 -
556 1209 696 1274 Lenaeis
723 1209 799 1274 anni
824 1211 888 1274 422
916 1215 950 1276 et
964 1211 1138 1294 'propriam
1166 1212 1364 1277 comoediam

231 1310 425 1376 commisisse
440 1313 642 1394 Proagonem
663 1312 867 1395 palmamque
890 1313 954 1378 hac
969 1306 1078 1380 tulisse
1094 1321 1127 1379 ct
1141 1314 1364 1398 Aristophanis

230 1415 356 1499 Vespas
387 1415 533 1481 docuisse
557 1415 701 1481 fabulam
723 1417 865 1482 secundo
887 1417 990 1501 pretio
1013 1425 1172 1502 ornatam3
1202 1419 1363 1484 Leuconis

230 1519 374 1602 Legatos
398 1517 572 1585 cecidisse(
608 1520 680 1586 Non
703 1519 819 1584 desunt
841 1519 984 1602 quirem
1006 1521 1052 1586 sic
1075 1513 1236 1605 explicent
1257 1543 1362 1604 neque

231 1623 386 1706 dubitent,
415 1623 491 1705 quin
517 1623 711 1708 Philonides
744 1624 890 1706 quamvis
919 1624 1082 1708 propriam
1110 1625 1308 1691 comoediam
1329 1625 1364 1690 in

230 1733 393 1794 certamen
419 1727 620 1811 commiserit,
651 1733 758 1792 tamen
780 1727 987 1812 Aristophani
1016 1728 1114 1794 etiam
1136 1734 1202 1794 tum
1224 1728 1362 1794 officium

231 1830 468 1915 praestiteritl).
512 1831 626 1913 Neque
656 1851 732 1896 vero
762 1851 824 1914 ego
854 1851 947 1896 ame
968 1831 1140 1915 impetrare
1163 1851 1299 1916 possum,
1327 1839 1362 1896 ut

230 1934 440 2017 Philonidem,
470 1933 595 1999 etiamsi
622 1933 779 2000 artissimo
802 1932 1030 1999 familiaritatis
1052 1934 1178 2000 uinculo
1201 1955 1271 1999 cum
1293 1934 1362 1999 Ari·

230 2036 387 2122 stophane
426 2037 611 2103 coniunctus
647 2037 716 2121 fuit,
754 2057 845 2102 suam
880 2037 1024 2103 fabulam
1060 2037 1224 2126 docturum
1257 2037 1361 2103 amieo

230 2163 349 2208 morem
372 2142 510 2225 gessisse
535 2141 679 2224 credam3
704 2147 801 2224 atque
823 2162 864 2206 ne
885 2141 1141 2225 Aristophanem
1155 2141 1282 2224 quidem
1305 2163 1362 2225 pu·
1419 2225 1423 2228 ἢ

230 2246 366 2312 laverim
394 2245 451 2310 tali
479 2267 583 2311 rerum
614 2243 795 2311 conditione
818 2244 978 2310 Philonidi
1000 2244 1144 2310 fabulam
1166 2244 1362 2309 committen-

231 2349 306 2414 dam
328 2349 466 2433 dedisse,
491 2370 562 2414 cum
584 2349 636 2414 hic
658 2349 778 2414 maiore
796 2348 964 2431 diligentia
977 2348 1011 2412 in
1026 2368 1084 2413 sua
1099 2347 1198 2432 ipsius
1214 2347 1362 2413 docenda

164 2529 167 2533 ,
229 2453 282 2517 vel
314 2452 441 2518 nescius
474 2458 507 2517 et
541 2451 659 2517 invitus
692 2471 766 2517 usus
794 2459 893 2536 essct,
927 2471 1031 2534 neque
1061 2451 1182 2516 crimini
1209 2450 1360 2535 dandum,

230 2555 305 2638 quia
327 2556 421 2620 homo
444 2561 523 2620 erat.
567 2555 673 2636 Atque
697 2555 790 2620 faber
812 2562 861 2621 est
882 2575 961 2620 suae
985 2554 1117 2637 quisque
1140 2553 1295 2619 fortunae.

255 2655 261 2666 ’
315 2676 381 2740 Sed
404 2675 486 2740 haec
509 2675 675 2758 comoedia
698 2675 800 2759 primo
822 2675 964 2760 praemio
991 2682 1105 2740 ornata
1127 2680 1184 2758 est,
1214 2672 1308 2758 quod,
1332 2674 1361 2739 si
1426 2703 1432 2709 ·

229 2797 343 2843 revera
365 2776 425 2840 fuit
447 2775 633 2860 Philonidis,
662 2777 740 2842 satis
762 2779 875 2842 mirum
897 2785 955 2861 est,
984 2798 1056 2842 cum
1078 2775 1269 2841 mediociem
1291 2782 1360 2841 tan-

228 2886 295 2944 tum
331 2871 429 2944 luisse
463 2879 664 2946 Philonidem
700 2887 830 2964 poetam
864 2902 927 2946 non
964 2879 1122 2958 audaciae
1159 2878 1200 2942 sit
1233 2878 1358 2963 dioere3

227 2983 366 3048 maxime
405 3003 481 3048 vero
515 2980 640 3066 Vespas
674 2983 818 3049 fabulam
850 2983 1118 3067 Aristophaneam
1150 2980 1359 3047 Philonidcae

229 3087 363 3152 cessisse
386 3087 544 3152 miramur.
595 3089 701 3171 Atque
723 3089 756 3151 in
778 3088 842 3153 hac
863 3110 898 3153 re
921 3088 977 3152 alii
999 3107 1124 3170 quoque
1147 3085 1357 3169 offenderunt,

193 3185 196 3191 ’
229 3191 282 3273 qui
311 3192 513 3272 Proagonem
541 3191 740 3256 comoediam
766 3191 988 3257 Philonideam
1015 3190 1111 3255 fuisse
1140 3209 1210 3252 cum
1224 3187 1357 3279 >Hillero

228 3299 260 3357 et
293 3292 422 3357 Liibkio
457 3294 670 3376 consentiunt,
705 3294 885 3377 Vesparum
918 3294 1059 3360 fahuldm
1093 3292 1148 3355 illa
1176 3289 1359 3356 inferiorem

227 3396 403 3460 iudicatam
441 3415 511 3461 esse
548 3416 589 3460 nc
622 3395 683 3480 ipsi
722 3395 851 3478 quidem
888 3397 1030 3462 credunt.
1089 3396 1201 3475 Itaque
1238 3393 1358 3475 primus

226 3501 417 3563 Peterscnus
439 3498 472 3562 in
486 3497 646 3563 Fleckeis
663 3499 744 3563 Ann.
762 3499 813 3564 85.
835 3520 909 3582 pag.
927 3501 990 3565 662
1014 3519 1084 3564 cum
1100 3495 1358 3578 Kannegiessero

227 3589 299 3684 (lib.
329 3602 358 3666 d.
383 3603 448 3666 alte
471 3602 555 3666 kom.
579 3601 701 3685 thne,
730 3622 806 3685 pag.
831 3605 906 3684 270)
935 3601 1133 3667 didascaliae
1161 3599 1238 3663 illud
1266 3600 1297 3680 β’
1320 3586 1360 3684 ἦν

226 3704 361 3769 mutavit
389 3704 421 3768 in
448 3705 507 3766 ἔιει
528 3705 558 3785 β’
582 3711 615 3770 et
645 3710 719 3769 ante
743 3725 872 3766 xerxen
896 3706 1054 3790 syllabam
1076 3724 1134 3764 uer
1157 3703 1359 3769 decurtatam

226 3807 384 3873 excidisse
408 3807 477 3890 ipse
501 3807 650 3889 coniecit,
675 3827 752 3888 ergo
768 3806 896 3890 scripsit
911 3815 944 3873 et
959 3806 1154 3891 interpunxit
1168 3805 1230 3869 hoc
1245 3807 1356 3872 modo:
1462 3867 1468 3874 .

224 3909 388 3993 ἐδιδάχθη
417 3909 471 3970 ἐπὶ
499 3911 655 3993 ἄρχοντος
677 3910 831 3990 Ἀμεινίοο
860 3910 929 3994 [διά
955 3909 1147 3992 Φιλωνίδου]
1176 3907 1211 3970 ἕν
1231 3912 1269 3993 τῇ
1291 3912 1358 3972 ουδ’

296 4148 315 4215 ¹)
335 4148 472 4202 Praefero
493 4150 625 4217 Hpcdyum
643 4148 713 4216 (non
727 4149 881 4218 Προογιόν),
901 4153 949 4220 qui
968 4156 1104 4204 accentus
1121 4149 1260 4219 probatur
1279 4153 1360 4205 teeti·

195 4232 196 4237 ’
223 4236 326 4289 moniis
345 4233 503 4287 Herodiani
523 4233 544 4286 I.
560 4235 605 4310 24,
617 4237 644 4299 13
664 4232 701 4286 II.
725 4231 810 4298 729st
829 4241 859 4287 et
877 4235 996 4289 Arcadii
1014 4253 1042 4304 p.
1064 4237 1103 4303 10,
1113 4236 1154 4288 20.

292 4337 549 4403 2)P1·oposncrunt
572 4337 646 4388 hanc
670 4335 841 4387 sententiam
860 4337 892 4389 Ε.
912 4336 1006 4391 Hiller
1027 4339 1056 4391 in
1075 4338 1198 4391 Hermae
1216 4339 1273 4393 vol.
1293 4340 1360 4405 Vll,

222 4441 250 4494 p.
269 4423 320 4475 404
339 4427 368 4474 et
386 4421 422 4473 H.
441 4421 544 4472 Liibke
563 4423 591 4472 in
611 4420 687 4473 obss.
706 4420 767 4472 crit.
786 4437 814 4487 p.
827 4422 869 4476 50.
