3167 4992
692 391 904 454 ,ης-

229 601 249 645 a
263 579 473 663 grammatico
486 577 594 660 aliquo
607 578 826 662 compositam,
841 579 1028 660 quambene
1041 579 1267 644 observantem
1277 584 1366 644 recte

158 768 160 773 Ι
228 684 261 748 in
283 682 465 748 universum
487 704 506 747 e
529 681 647 746 fabulis
669 680 754 746 hanc
776 683 883 764 legem
905 681 1024 747 eruisse
1040 681 1154 766 negari
1168 703 1233 748 non
1249 686 1365 767 potest.

228 789 343 869 Itaque
377 786 468 852 dedit
501 785 733 869 Aristophanes
767 786 951 852 comoedias
988 786 1138 871 politicas
1172 775 1365 870 Callistrato,

230 896 341 971 contra
363 888 551 974 Euripidem
581 894 614 954 ct
635 888 802 964 Socratem
830 889 967 974 scriptas
989 890 1166 956 Philonidi:
1201 890 1263 956 utri
1285 889 1367 955 alias

230 993 358 1059 tradere
392 993 503 1059 solitus
537 992 587 1076 sit,
621 1012 685 1057 non
719 993 880 1058 docemur.
925 994 962 1057 In
989 993 1233 1059 Daetalcnsium
1259 998 1367 1059 autem

230 1097 397 1164 comoedia
419 1117 481 1162 nec
504 1095 544 1162 de
567 1095 734 1180 republica
750 1096 827 1180 egit,
851 1117 911 1162 nec
926 1096 1114 1181 Euripidem
1129 1103 1186 1164 aut
1200 1097 1367 1163 Socratem

228 1201 261 1265 in
283 1201 346 1266 hac
368 1199 480 1264 fabula
503 1198 704 1284 perstrinxit:
733 1199 812 1262 nihil
834 1199 932 1281 igitur
953 1201 1042 1265 valet
1064 1199 1119 1265 illa
1141 1201 1194 1265 lex
1217 1199 1262 1266 ad
1282 1201 1367 1265 hanc

229 1303 449 1388 quaestionem
472 1302 721 1368 diiudicandam.
767 1302 905 1367 Accedit
926 1303 999 1386 huc,
1024 1304 1110 1385 quod
1132 1303 1186 1370 ille
1209 1325 1367 1387 gramma·

228 1409 310 1475 ticus
343 1409 429 1474 hanc
455 1409 562 1491 legem
589 1407 636 1472 ita
666 1426 729 1472 non
757 1428 796 1473 eo
819 1426 915 1472 sensu
937 1407 1073 1492 scripsit,
1107 1413 1143 1473 ut
1164 1407 1367 1473 Philonidem

228 1514 442 1579 Daetalcnses
471 1510 619 1577 docuisse
650 1511 844 1596 opinaretur,
874 1517 1045 1576 utcontra
1068 1511 1243 1577 Callistrati
1267 1532 1367 1596 opera

228 1618 313 1683 hanc
335 1617 479 1683 fabulam
502 1615 703 1681 commissam
726 1635 797 1681 esse
819 1615 925 1700 planis
947 1615 1054 1680 verbis
1078 1615 1213 1682 diceret:
1236 1614 1368 1692 ἐδίδαξε

229 1720 265 1784 δὲ
300 1725 356 1804 (sc.
388 1718 644 1807 Ἀριστοφάνης)
679 1723 809 1805 πρῶτος
842 1718 897 1781 ἐπὶ
932 1721 1095 1803 ἄρχοντος.
1120 1721 1276 1802 Διοτίμου
1312 1719 1368 1782 διὰ
1401 1783 1406 1792 ,

227 1804 480 1908 Καλλιστράτου.
525 1823 584 1888 Est
607 1829 715 1889 autem
737 1821 841 1906 prima
863 1822 976 1887 fabula
998 1823 1222 1889 Daetalcnses.
1260 1822 1367 1906 Atque

227 1928 311 1994 hunc
334 1926 579 2010 grammaticum
600 1947 712 1992 verum
733 1926 906 1992 tradidisse
929 1947 1118 2010 persuasum
1139 1927 1216 1992 mihi
1232 1932 1280 1993 est
1296 1947 1368 1992 cum

228 2032 331 2098 doctis
353 2030 429 2096 viris
452 2031 622 2116 plerisque,
648 2030 723 2114 quia
746 2031 847 2096 verba
871 2031 938 2096 eius
962 2030 1003 2095 dc
1026 2031 1129 2114 prima
1144 2030 1368 2116 Aristophanis

227 2135 340 2213 fabula
375 2134 516 2200 Dictimo
557 2135 710 2200 archonte
743 2155 803 2219 per
837 2134 1053 2225 Callistratum
1086 2135 1184 2200 docta
1216 2135 1263 2200 ita
1296 2141 1369 2201 sunt

205 2245 428 2325 comparata,
462 2245 497 2303 ut
530 2245 673 2304 veterem
702 2238 946 2304 Daetalcnsium
981 2237 1193 2304 didascaliam
1227 2237 1367 2304 dilucide

230 2363 310 2426 prae
333 2362 367 2408 se
390 2341 505 2408 ferant.
1206 2393 1209 2396 ⁴

315 2445 440 2511 Posteri
463 2445 538 2510 anni
554 2443 719 2530 Dionysiis
741 2445 868 2528 magnis
890 2444 990 2510 Euclc
1006 2444 1160 2510 archonte
1175 2444 1367 2530 Babylonio-

183 2621 185 2626 ,
229 2568 298 2615 rum
321 2549 531 2616 celeberrima
552 2549 609 2615 illa
632 2549 801 2616 comoedia
822 2549 856 2613 in
873 2568 1027 2614 scaenam
1041 2549 1174 2615 inducta
1189 2556 1247 2634 est,
1272 2569 1368 2632 quam

228 2675 313 2730 anno
346 2659 420 2738 post
442 2653 697 2719 Acharnensium
730 2652 842 2718 fabula
870 2658 981 2718 secuta
1011 2659 1069 2718 est.
1121 2652 1205 2730 Quin
1231 2659 1367 2736 utraque

228 2758 340 2823 fabula
373 2777 431 2842 per
465 2755 683 2822 Callistratum
716 2755 814 2821 docta
847 2755 897 2840 sit,
932 2755 964 2820 in
999 2755 1130 2820 dubium
1163 2757 1273 2823 vocari
1303 2777 1367 2822 non

228 2867 335 2947 potest
344 2863 377 2946 1),
410 2881 483 2926 cum
510 2881 551 2926 ex
573 2859 827 2926 Acharnensium
852 2858 1053 2924 didascaliae
1075 2859 1219 2942 reliquiis
1241 2860 1283 2925 de
1307 2859 1369 2925 hac

230 2963 398 3030 comoedia
420 2963 541 3047 liquide
566 2969 706 3028 constet:
730 2961 896 3046 ἐδιδάχθη
918 2960 974 3023 ἐπὶ
997 2960 1155 3024 Εὐθύνου
1182 2962 1241 3044 (sic
1261 2947 1370 3044 legen·

231 3067 306 3136 dum
322 3071 383 3150 est)
406 3069 563 3153 ἄρχοντος
585 3065 620 3130 ἕν
642 3069 801 3150 Ληναίοις
825 3064 883 3127 διὰ
903 3062 1145 3148 Καλλιστράτου
1161 3063 1240 3139 κτλ,
1264 3085 1368 3147 neque

200 3165 202 3170 ’
231 3178 289 3256 est,
325 3173 410 3254 quod
442 3171 517 3237 huic
549 3168 730 3236 testimonio
764 3168 860 3234 iidem
892 3189 957 3234 non
990 3168 1176 3233 habeamus.
1222 3168 1369 3234 Eundem

230 3282 354 3359 autem,
389 3276 442 3358 qui
476 3261 714 3358 Achemenses,
754 3273 952 3358 Babylonios
985 3292 1112 3356 quoque
1147 3273 1293 3340 docuisse
1328 3295 1368 3339 cx

229 3379 483 3446 Acharnensium
505 3379 617 3463 fabula
639 3377 723 3443 adeo
747 3396 946 3460 consequens
969 3383 1026 3461 est,
1050 3383 1085 3441 ut
1107 3397 1236 3462 prorsus
1257 3398 1368 3444 carere

232 3503 389 3566 queamus
422 3483 614 3549 auctoritate
647 3481 754 3546 Photii
786 3501 863 3565 pag.
892 3481 998 3565 osai
1033 3486 1090 3545 aut
1123 3481 1244 3548 Suidae
1278 3501 1302 3546 s.
1338 3504 1367 3548 v.

232 3591 363 3670 Σαμίων
386 3586 403 3650 δ
423 3583 544 3672 ’δῆμοςς
567 3585 703 3668 legimus
726 3584 811 3650 enim
833 3584 949 3649 eadem
964 3585 1065 3649 verba
1081 3583 1170 3669 apud
1185 3591 1367 3666 utrumque:

231 3675 307 3766 τούς
348 3691 384 3754 δὲ
417 3690 648 3773 Βαβυλωνίους
687 3687 817 3765 ἐδίδαξε
854 3687 911 3750 διὰ
943 3686 1185 3774 Καλλιστράτου
1219 3689 1367 3773 Ἀριστο-

231 3795 337 3881 φάνης
359 3796 424 3859 κτλ.
656 3863 659 3870 ,

317 3899 385 3966 Sed
421 3899 448 3964 si
482 3905 557 3965 ante
587 3895 722 3980 Equites
755 3915 790 3962 se
827 3895 934 3979 ipsum
962 3894 1092 3961 chorum
1121 3915 1185 3960 non
1214 3893 1367 3979 petivisse

207 4092 208 4095 ’
302 4089 322 4158 ¹)
349 4090 431 4144 Unus
457 4088 641 4156 Eritzschius,
671 4105 735 4142 cum
764 4085 961 4140 Callistratum
988 4092 1018 4139 et
1044 4083 1226 4137 Philonidem
1254 4090 1368 4140 actores

231 4175 320 4231 fuisse
338 4175 541 4246 Aristophanis
564 4176 626 4244 ipse
650 4191 763 4244 quoque
788 4173 931 4242 opinetur,
955 4172 985 4224 in
1009 4171 1127 4235 Quaest·
1146 4168 1234 4224 Arist.
1258 4175 1326 4226 tom.
1345 4172 1369 4226 Ι.

230 4281 259 4333 p.
276 4265 328 4318 312
345 4262 523 4333 Babylonios
542 4267 572 4316 et
589 4260 790 4316 Acharnenses
810 4277 827 4312 a
844 4258 1010 4313 Callistrato
1030 4255 1216 4324 abiudicavit,
1235 4259 1313 4327 quod
1331 4276 1368 4312 nc

231 4349 362 4404 Kockius
390 4350 504 4420 quidem
526 4348 623 4402 faeere
647 4363 732 4401 ausus
755 4350 808 4399 est.
843 4345 945 4414 Neque
968 4337 1037 4399 vero
1061 4342 1227 4411 opinionem
1245 4344 1307 4398 eius
1325 4361 1368 4398 re·
1422 4394 1425 4397 .

232 4453 349 4490 censere
367 4436 442 4490 tanti
460 4442 513 4503 cst,
533 4435 659 4504 quamsi
678 4433 721 4488 vis
741 4447 923 4501 cognoscere,
940 4429 1044 4485 librum
1058 4429 1289 4496 ¹Fritzschianum
1306 4431 1368 4502 ipse

232 4522 359 4579 evolvas.
