3167 4992
581 423 586 436 Ι
685 332 910 398 -σο--

314 523 428 604 Itaque
451 525 569 588 Pacem
600 523 641 588 ab
664 523 735 607 ipso
758 523 973 606 Aristophane
996 524 1106 588 datam
1130 542 1201 588 esse
1225 529 1361 588 constat.

229 624 295 690 Sed
318 626 453 691 alteram
476 645 603 708 quoque
626 627 770 692 fabulam
790 626 905 692 eodem
920 626 1011 692 titulo
1027 626 1214 711 inscriptam
1229 648 1250 693 a
1265 633 1362 712 poeta

230 728 430 794 commissam
458 749 529 795 esse
557 730 693 813 legimus
719 730 753 795 in
783 731 940 813 arg..HI:
983 733 1118 816 Φέρεται
1146 729 1182 794 ἐν
1210 741 1280 806 ταῖς
1308 730 1362 793 δι-

231 830 420 907 δασκαλίαις
463 832 646 914 άεδιδαχώς
686 834 823 920 Εἰρήνην
866 833 986 916 ὁμοίως
1031 834 1048 896 ὁ
1085 835 1321 918 Ἀριστοφάνης
1331 837 1363 916 ¹).

230 934 354 1020 ἄδηλον
382 937 454 1012 οὖν,
482 937 581 1021 φησὶν
602 939 849 1024 Ἐρατοσθένης,
880 938 1022 1025 πότερον
1050 940 1108 1023 την
1129 940 1233 1026 αὐτὴν
1250 940 1363 1005 ἀνεδί-

232 1039 330 1116 δαξεν
351 1044 370 1124 ἢ
391 1038 501 1126 ἑτέραν
522 1045 675 1126 καθῆκεν,
698 1045 765 1127 ἧτις
789 1043 828 1107 od
851 1042 993 1118 σώζεται.
1027 1043 1152 1127 Κράτης
1174 1047 1283 1125 μέντοι
1303 1042 1363 1107 δύο

231 1141 301 1205 οἶδε
325 1141 475 1228 δράματα
496 1145 633 1230 γράφων
655 1147 773 1220 οὕτως·
797 1146 868 1210 ἀλλ’
891 1145 950 1210 οὖν
972 1169 1008 1225 γε
1028 1145 1064 1210 ἐν
1085 1156 1153 1220 τοϊς
1167 1147 1366 1230 Ἀχαρνεῦσιν

230 1249 250 1330 ἢ
272 1247 495 1329 Βαβυλωνίοις
520 1253 540 1333 ἢ
561 1248 596 1311 ἐν
618 1253 655 1335 τῇ
675 1246 768 1335 ἑτέρᾳ
789 1249 918 1335 Εἰρήνη.
964 1250 1017 1312 καὶ
1040 1249 1212 1335 σποράδην
1235 1249 1273 1312 ds‘
1293 1273 1365 1314 τινα

231 1350 400 1433 ποιήματα
428 1356 661 1436 παρατίθεται,
693 1355 777 1439 άπερ
806 1352 841 1416 ἓν
864 1358 901 1440 τῇ
923 1358 984 1418 νῦν
1005 1356 1166 1440 φερομένη
1189 1355 1247 1417 οὐκ
1270 1355 1364 1416 ἔστιν.

230 1452 337 1518 Etiam
365 1455 500 1520 alteram
521 1457 642 1522 Pacem
669 1457 711 1521 ab
738 1456 954 1541 Aristophane
984 1457 1055 1541 ipso
1083 1457 1211 1522 doctam
1240 1477 1310 1522 esse
1332 1457 1366 1521 in

233 1556 419 1623 didascaliis
442 1559 654 1626 Aristoteliois
677 1561 805 1628 videtur
827 1568 995 1627 exaratum
1017 1562 1125 1627 fuisse.
1160 1563 1274 1644 Neque
1287 1581 1365 1626 vero

232 1661 412 1744 exemplum
435 1662 528 1728 huius
551 1664 738 1730 comoediae
760 1664 794 1729 in
817 1664 1015 1731 bibliotheca
1030 1665 1249 1730 Alexandrina
1272 1665 1366 1730 collo-

233 1769 339 1828 catum
367 1771 446 1848 erat,
475 1766 707 1833 Eratosthenes
737 1767 866 1850 quidem
893 1768 1013 1832 nullum
1042 1767 1169 1832 videtur
1198 1767 1367 1850 invenisse,

233 1869 439 1950 quamobrem
466 1871 598 1936 alterius
621 1871 753 1938 fabulae
776 1877 1000 1955 argumentum
1022 1878 1126 1936 unnim
1148 1871 1234 1936 idem
1255 1870 1367 1936 luisset

232 1991 274 2036 an
296 1978 504 2039 retractatum
527 1974 595 2040 sive
618 1976 715 2058 plane
738 1975 827 2040 aliud
852 1974 1030 2039 dubitabat.
1076 1973 1269 2056 Pergameni
1291 1993 1367 2038 vcro

232 2076 433 2157 grammatici
448 2078 612 2161 utriusque
629 2078 817 2145 comoediae
834 2079 1000 2162 exemplar
1015 2077 1164 2142 videntur
1175 2076 1368 2160 possedisse,

232 2179 259 2244 si
289 2181 384 2245 modo
407 2181 529 2247 Crateti
557 2182 638 2248 fides
664 2181 777 2248 haberi
800 2188 934 2267 potest..
961 2182 1103 2246 Priorem
1129 2181 1274 2245 fabulam
1296 2201 1369 2246 cam

234 2282 342 2365 fnisse,
366 2304 450 2366 quae
473 2285 517 2350 ad
539 2306 597 2350 nos
619 2287 804 2370 permansit,
828 2286 1034 2352 Eratostheni
1049 2285 1158 2367 utique
1175 2284 1369 2350 credendum

235 2392 293 2469 est,
317 2387 436 2471 quippe
460 2409 555 2470 quem
577 2390 665 2473 apud
680 2390 884 2456 Aristotelem
899 2389 1031 2455 alterius
1046 2388 1142 2454 Pacis
1158 2387 1370 2453 didascaliam

235 2489 278 2553 ad
308 2491 516 2573 posteriorem
544 2513 661 2556 annum
683 2493 823 2577 positam
845 2492 1006 2557 invenisse
1028 2492 1129 2556 verba
1152 2491 1220 2556 eius
1243 2490 1370 2556 demon-

235 2599 343 2658 strent.
390 2594 492 2671 Quem
514 2617 631 2660 annum
655 2597 742 2678 quod
764 2596 923 2662 nescimus
944 2596 1041 2662 valde
1066 2596 1237 2660 dolendum
1259 2601 1318 2660 est.

321 2696 413 2774 Quae
448 2719 518 2762 cum
552 2698 598 2762 ita
625 2699 698 2782 sint,
734 2699 949 2782 coniecturae,
981 2719 1064 2780 quac
1095 2699 1276 2781 complures
1298 2704 1371 2762 sunt

235 2802 392 2885 prolatae,
416 2801 545 2884 probari
567 2811 738 2884 nequeunt.
777 2804 964 2887 Droysenus
987 2801 1070 2867 enim
1094 2802 1138 2881 (in
1161 2801 1243 2866 vers.
1267 2800 1369 2885 praef.

235 2903 279 2969 ad
301 2905 402 2987 Pac),
432 2905 517 2986 quod
544 2911 693 2972 servatae
721 2905 853 2971 fabulae
882 2925 958 2989 pars
987 2906 1090 2969 altera
1119 2905 1218 2969 multo
1241 2904 1372 2969 inferior

236 3014 321 3072 esset
344 3029 441 3090 qnam
462 3009 575 3093 prima,
594 3047 630 3056 -
650 3011 737 3092 quod
758 3010 872 3093 negari
892 3030 955 3074 non
970 3015 1077 3092 potest
1091 3045 1136 3055 —
1150 3007 1372 3074 retractationi

235 3111 270 3176 id
293 3111 415 3176 crimini
439 3111 537 3177 dedit.
589 3114 704 3195 Itaque
727 3113 937 3196 posteriorem
960 3111 1161 3177 comoediam
1181 3131 1240 3176 nos
1261 3112 1371 3193 legere

237 3214 411 3298 contendit,
446 3235 517 3280 cum
551 3215 688 3299 priorem
720 3216 886 3302 Dionysiis
916 3215 1042 3298 magnis
1075 3214 1150 3280 anni
1172 3216 1236 3279 422
1264 3220 1372 3279 actam

236 3439 300 3476 cum
315 3421 472 3476 Welckero
492 3422 616 3477 libenter
635 3423 781 3477 consentio
802 3421 890 3492 (Anu.
903 3423 974 3478 lnst.
992 3422 1069 3476 arch.
1081 3421 1173 3476 XXV.
1187 3439 1205 3489 p
1224 3419 1373 3490 251εηη.),

238 3512 335 3562 tamen
363 3508 458 3561 vultus
489 3513 595 3577 poetae
628 3527 662 3562 ex
689 3509 744 3562 hac
772 3508 870 3579 effigie
895 3527 953 3564 non
981 3509 1053 3576 disci
1079 3525 1131 3578 pro
1159 3513 1239 3562 certo
1268 3507 1371 3562 habco.

238 3593 440 3664 Aristophanis
460 3582 534 3647 enim
553 3601 650 3649 aetate
669 3594 780 3665 efligies
798 3595 942 3648 hominnm
956 3595 1078 3649 Athenis
1096 3594 1158 3649 fere
1177 3594 1272 3648 nullae
1285 3593 1371 3665 finge·

238 3681 357 3748 bantur3
375 3681 483 3750 posteri
496 3698 565 3736 vero
578 3681 712 3749 artifices,
725 3681 774 3735 nbi
788 3682 950 3736 collocandi
963 3683 993 3734 in
1004 3680 1188 3735 bibliothecis
1201 3681 1371 3749 scriptorum

239 3766 350 3837 effigies
375 3785 434 3822 mos
457 3767 643 3836 percrebruit,
668 3785 765 3822 eorum
784 3769 889 3836 vultus,
915 3785 1034 3837 quorum
1054 3785 1138 3823 verae
1157 3769 1296 3837 imagines
1315 3784 1373 3821 non

239 3854 400 3920 exstabant,
420 3853 456 3907 sd
474 3853 622 3907 libidinem
639 3853 694 3907 sibi
712 3854 767 3923 ipsi
780 3855 1026 3923 excogitaverunt.
1053 3853 1156 3923 Itaque
1169 3852 1372 3922 Aristophanis

240 3958 353 4011 quoque
381 3941 539 3994 Menandro
563 3933 707 3994 ¹associati
734 3940 829 3994 vultus
856 3940 934 3995 haud
961 3940 1047 3994 dubie
1073 3939 1226 4009 sculptoris
1252 3940 1373 3994 alicuius

238 4028 353 4098 ingenio
373 4027 517 4082 debemus.
542 4027 622 4090 Quae
641 4044 704 4080 cum
722 4027 765 4080 ita
782 4028 849 4094 sint,
867 4027 922 4082 hac
941 4026 1037 4097 effigie
1056 4026 1137 4081 abuti
1150 4027 1187 4080 ad
1199 4027 1371 4080 sententiam

239 4131 331 4170 meam
349 4115 528 4184 probandam
546 4131 603 4168 non
622 4129 707 4168 ausus
724 4132 797 4168 sum:
816 4131 882 4167 nam
894 4115 1022 4183 sculptor
1034 4113 1146 4169 calvum
1159 4113 1301 4168 hominem
1314 4130 1372 4167 non

240 4199 388 4269 expressit,
407 4199 457 4253 sed
475 4199 549 4253 bene
569 4203 718 4252 comatum.
783 4253 786 4260 Δ

312 4302 330 4370 ¹)
350 4301 398 4358 Sic
416 4303 521 4372 legitur
538 4305 568 4357 in
586 4303 649 4358 cod.
662 4303 704 4369 R,
723 4319 816 4372 neque
836 4303 988 4373 quicquam
1005 4302 1173 4356 mutandum
1187 4306 1237 4355 aut
1248 4302 1372 4356 adicien-

241 4391 307 4444 dum
331 4395 383 4455 est,
407 4406 469 4442 cum
492 4389 582 4460 uerba
598 4389 672 4443 bene
691 4388 904 4457 intelliganturz
929 4389 1029 4444 docuit
1046 4387 1153 4442 Pac'em
1171 4388 1289 4457 pariter,
1306 4387 1335 4440 h.
1348 4404 1373 4441 e.

241 4475 319 4528 nullo
337 4473 455 4556 fabulae
475 4474 575 4528 addito
594 4474 764 4529 discriminis
783 4489 886 4528 caussa
904 4473 1081 4543 cognomine.
