3167 4992
672 343 882 406 „13-

205 529 314 595 faeere
337 521 434 594 valde
456 527 652 594 miraremur.
698 530 814 611 Itaque
837 550 878 594 ex
899 528 950 594 his
973 529 1118 594 versibus
1139 548 1273 594 neeesse
1297 533 1345 594 est

206 634 394 716 colligamus
421 639 552 717 poetam
578 631 837 717 Aristophanem,
869 654 941 698 cum
963 632 1207 697 Daetalensium
1234 632 1346 696 sabula

207 743 368 820 ageretur,
393 737 489 820 plane
512 737 656 818 ignotum
678 736 787 802 fuisse.

292 840 410 904 Verum
440 840 574 905 alterum
608 845 714 904 exstat
746 839 847 925 ipsius
877 839 1100 923 Aristophanis
1132 839 1346 905 testimonium

206 945 304 1008 multo
328 943 426 1008 etiam
448 943 588 1027 gravius
614 963 675 1025 quo
697 963 806 1008 omnes
822 943 1039 1008 dubitationes
1054 943 1224 1028 pelluntur,
1248 944 1345 1027 Vesp.
1419 985 1423 990 -

207 1069 254 1112 ue.
281 1047 363 1112 1017
388 1066 474 1129 sqq:

339 1150 527 1213 ἀδικεῖσθαι
555 1149 616 1235 γάρ
645 1168 743 1235 φησιν
772 1150 929 1237 πρότερος
958 1150 1053 1213 πόλλ’
1083 1150 1203 1224 αύτούς
1224 1149 1259 1214 εὖ
1283 1172 1345 1213 πε-

1034 1254 1190 1338 ιτοιηκῶς,

336 1358 377 1421 τὰ
403 1357 462 1441 μὲν
490 1358 528 1421 ού
557 1361 716 1442 φανερῶς,
743 1357 813 1420 ἀλλ’
838 1356 1020 1444 ἐπικουρῶν
1046 1357 1188 1442 κρύβδην
1209 1355 1344 1444 ἑτέροισι

1038 1470 1202 1545 ποιηταῖς,

337 1565 557 1650 μιμησάμενος
580 1565 637 1649 τη“ν
657 1565 855 1651 Εὐρυκλέους
877 1568 1032 1647 μαντείαν
1054 1567 1106 1627 καὶ
1131 1564 1295 1639 διάνοιαν,

212 1670 303 1733 1020.
338 1670 383 1742 εἰς
406 1668 576 1754 ἀλλοτρίας
596 1671 752 1754 γαστέρας
767 1667 862 1742 ἐνδύς
877 1668 1051 1752 κωμῳδικὰ
1065 1668 1175 1731 πολλὰ
1189 1672 1346 1749 χέασθαι·

337 1773 418 1854 μετὰ
453 1776 550 1836 τοῦτο
588 1772 624 1835 δὲ
660 1773 714 1835 καὶΙ
748 1776 895 1859 φανερῶς
930 1772 992 1857 η’δη
1029 1771 1227 1836 κινδυνεύων
1264 1773 1343 1834 καθ’

1037 1859 1164 1956 ἑαυτόν,

340 1979 402 2042 ούκ
431 1978 621 2064 ἀλλοτρίων,
656 1977 724 2042 ἀλλ’
755 1980 880 2043 οἰκείων
907 1983 1055 2044 Μουσῶν
1084 1979 1224 2062 στόμαθ’
1252 1978 1345 2064 ἡνιο-

1036 2083 1146 2168 χήσας.

296 2187 346 2250 De
368 2186 419 2251 his
441 2187 585 2252 versibus
609 2187 687 2270 quid
709 2186 895 2270 iudicemus,
919 2189 1032 2271 pagii
1055 2207 1124 2269 sqq.
1148 2186 1269 2268 liquide
1292 2206 1346 2251 ex-

210 2289 381 2373 posuimus,
427 2292 541 2372 ltaque
572 2311 643 2355 cum
670 2290 825 2355 hocloco
849 2295 947 2375 poeta
969 2312 1033 2356 non
1054 2311 1150 2354 unam
1172 2290 1346 2355 Daetalen-

210 2392 291 2456 sium
320 2379 473 2477 fabulam,
502 2395 561 2459 sed
590 2415 699 2459 omnes
726 2399 802 2459 ante
825 2394 959 2476 Equites
986 2394 1092 2460 alieno
1114 2394 1240 2460 nomine
1264 2415 1346 2458 eom-

210 2496 323 2562 missas
345 2499 533 2583 respexerit,
557 2505 698 2583 apparet
717 2499 770 2564 vel
792 2499 934 2581 sequitur
956 2499 1139 2565 necessario
1162 2499 1222 2564 has
1238 2519 1347 2564 omnes

211 2606 302 2665 actas
330 2622 410 2685 esse,
440 2623 512 2667 cum
539 2623 654 2667 nomen
681 2603 747 2667 veri
775 2608 893 2687 poetae
915 2603 1055 2669 nondum
1078 2604 1244 2686 vulgatum
1266 2609 1345 2668 erat.

211 2703 316 2769 Aliam
330 2705 626 2789 interpretationem
641 2704 808 2791 imagines,
833 2707 946 2789 quibus
962 2715 1060 2792 poeta
1074 2727 1149 2773 usus
1165 2712 1223 2789 cst,
1246 2707 1347 2771 verba

210 2807 266 2872 illa
296 2809 334 2872 ού
362 2813 509 2894 φανερῶς
538 2815 570 2874 et
597 2808 778 2892 ἐπικουρῶν
806 2809 961 2894 κρύβδην,
990 2809 1128 2891 denique
1158 2808 1255 2873 totius
1283 2808 1346 2873 loci

210 2911 292 2976 ratio
316 2918 413 2995 atque
437 2919 527 2978 tenor
549 2914 635 2978 nullo
659 2913 753 2978 modo
776 2932 905 2997 prorsus
927 2912 1107 2978 admittunt,
1161 2912 1252 2989 Quae
1276 2931 1347 2976 cunr

210 3015 257 3080 ita
280 3015 352 3099 sint,
369 3015 586 3082 Callistratum
607 3016 732 3081 illarum
747 3015 970 3099 Aristophanis
987 3015 1223 3081 comoediarum
1239 3022 1346 3080 aucto-

210 3140 278 3185 rem
301 3119 515 3185 existimatum
538 3140 608 3185 esse
631 3126 778 3204 apparet.

298 3223 364 3289 Sed
387 3223 484 3289 etiam
507 3229 580 3307 post
601 3222 735 3305 Equites
743 3221 983 3306 Aristophanes
1005 3222 1150 3287 laborem
1165 3221 1348 3287 scaenicum

211 3345 311 3410 saepe
334 3327 366 3389 in
389 3326 470 3391 alios
494 3325 626 3391 contulit
648 3346 753 3408 neque
770 3325 953 3391 Callistrato
977 3332 1034 3391 aut
1048 3326 1208 3393 Philonidi
1225 3347 1348 3392 comoe-

212 3429 283 3494 dias
306 3415 421 3496 cedere
446 3430 548 3495 desiit.
580 3431 809 3495 Putabimusne
833 3429 997 3496 etiamtum
1018 3431 1076 3496 hos
1092 3452 1185 3496 veros
1201 3439 1348 3497 auctores

210 3532 339 3597 habitos
363 3535 456 3598 esse?
491 3533 650 3614 Equidem
680 3553 873 3616 quamquam
896 3535 1065 3617 plerosque
1089 3535 1182 3600 aliter
1204 3535 1348 3600 iudicare

211 3635 288 3719 seio,
305 3642 472 3718 utrumque
487 3636 521 3699 in
537 3635 672 3721 theatro,
697 3637 800 3702 donec
817 3638 984 3703 comoedia
1003 3638 1171 3724 agebatur,
1195 3660 1215 3703 a
1230 3640 1348 3723 populo

211 3759 321 3804 vorum
350 3739 481 3804 fabulae
510 3745 639 3822 poetam
667 3759 793 3825 semper
822 3740 1037 3806 existimatum
1067 3762 1138 3807 esse
1161 3761 1348 3825 persuasum

212 3843 327 3908 habeo.
373 3844 445 3910 Non
479 3843 576 3926 igitur
610 3864 666 3909 eas
696 3844 834 3928 fabulas,
870 3866 953 3926 quae
983 3852 1058 3911 ante
1080 3845 1215 3927 Equites
1242 3843 1348 3910 alieno

211 3948 337 4014 nomine
366 3954 460 4013 actae
484 3954 565 4032 sunt,
595 3951 637 4014 ab
666 3949 712 4015 eis
735 3970 878 4034 secerno,
908 3971 991 4033 quae
1022 3956 1137 4035 postea
1160 3948 1347 4014 commissae

211 4059 283 4132 sunt
315 4053 358 4117 ab
393 4051 473 4116 aliis.
520 4052 613 4129 Quod
645 4059 680 4117 ut
712 4059 802 4120 recte
830 4074 969 4135 vereque
999 4053 1208 4135 intelligatur,
1242 4051 1349 4117 iures

212 4156 379 4221 scaenicas
402 4156 511 4240 paullo
534 4157 716 4222 accuratius
738 4157 944 4239 inquiramus.

297 4258 480 4343 Antiquitus
513 4281 581 4326 mos
614 4261 674 4326 fuit
702 4260 837 4325 Athenis
871 4262 913 4326 ab
941 4260 1011 4344 ipso
1039 4265 1137 4344 poeta
1165 4259 1294 4325 chorum
1316 4259 1349 4323 in

151 4381 155 4388 ’
212 4363 408 4428 orchestram
430 4363 552 4448 induci,
577 4369 776 4449 spectatores
800 4370 917 4448 poetae
936 4384 1052 4429 nomen
1067 4355 1254 4449 audiebant,
1278 4384 1350 4429 cum

211 4487 331 4550 praeco
353 4488 472 4550 magna
488 4488 568 4533 voce
584 4473 715 4552 poetam
730 4467 882 4533 inducere
898 4467 1047 4533 iubebat:
1070 4470 1189 4548 εἴσαγε,
1206 4468 1231 4531 ui
1248 4467 1348 4545 δεῖνα,
