3167 4992
714 320 927 384 ..35-

258 504 343 587 quod
371 505 411 570 de
442 504 615 571 Schraderi
647 505 796 590 opinione
818 507 970 574 iudicavi.
1015 507 1262 592 Aristophanem
1284 515 1408 574 autem·

256 607 360 692 ipsum
391 609 609 694 coryphaeum
639 610 737 676 fuisse
763 632 936 694 numquam
960 612 1100 696 credam,
1130 611 1206 695 quia
1229 633 1301 678 mea
1322 633 1392 678 scn-

255 711 366 802 tentia,
391 712 477 795 quod
498 713 629 798 saepius
653 714 729 798 dixi,
753 715 819 780 tale
843 714 966 798 aliquid
982 737 1002 781 a
1018 722 1135 800 poetae
1150 716 1281 799 ingenio
1296 717 1391 799 longe

255 818 378 883 aberat.
424 817 511 884 Nihil
545 839 621 883 vero
655 817 687 881 in
721 839 929 902 personarum
964 820 1035 885 viee
1063 820 1291 886 offendendum
1321 840 1392 886 esse

254 921 350 986 Pacis
372 921 526 1005 parabasi
548 923 702 1006 probatur
724 929 757 988 et
773 923 985 1008 confirmatur,
1009 923 1041 988 in
1057 945 1121 1007 qua
1136 924 1274 990 eandem
1289 923 1393 988 vicem

255 1025 412 1091 cernimus
443 1025 496 1109 (ef.
520 1045 566 1091 vs.
593 1027 677 1111 754),
708 1048 903 1111 quamquam
930 1028 1036 1093 omnia
1067 1027 1108 1092 de
1136 1028 1250 1093 eodem
1272 1027 1391 1091 Aristo-

254 1129 361 1214 phane
388 1129 572 1196 recitantur.
624 1131 772 1195 Ceterum
801 1131 1002 1215 coryphaeos
1030 1131 1133 1214 prima
1160 1151 1300 1215 persona
1327 1151 1392 1196 non

254 1252 326 1298 raro
349 1253 423 1299 usos
446 1253 527 1318 esse,
559 1234 650 1317 quasi
673 1233 734 1318 ipsi
757 1241 877 1318 poetae¹
899 1241 1015 1319 essent,
1046 1242 1218 1320 praeterea
1241 1235 1393 1300 doeemur

255 1338 395 1406 Nubium
425 1337 578 1422 parabasi
603 1342 660 1420 (vs.
685 1339 748 1403 518
771 1342 855 1421 sqq.)
886 1345 919 1404 et
940 1341 1120 1424 Vesparum
1142 1360 1190 1405 vs.
1216 1341 1299 1405 1284
1321 1359 1391 1422 sqq.

255 1447 287 1507 et
309 1440 498 1524 fragmentis
520 1462 584 1506 non
607 1441 709 1507 nullis.

278 1597 280 1603 ,
340 1547 454 1627 Itaque
484 1565 555 1610 eum
583 1544 624 1610 de
647 1545 861 1630 Aristophane
884 1567 1042 1629 nusquam
1065 1547 1273 1630 cogitandum
1295 1547 1337 1612 sit
1358 1547 1390 1612 in

254 1648 505 1714 nebarnensium
535 1649 698 1734 parabasi‚
727 1650 785 1714 sed
813 1650 928 1734 omnia,
957 1651 1130 1733 quodiam
1153 1651 1232 1716 satis
1255 1657 1389 1736 constat,

176 1815 179 1824 ,
255 1753 298 1818 ad
321 1751 538 1818 Callistratum
560 1758 717 1837 spectent,
741 1753 988 1838 Aristophanem
1011 1776 1032 1820 a
1055 1754 1173 1820 Cleone
1196 1761 1269 1840 post
1283 1756 1390 1840 Baby-

254 1857 355 1922 lonios
393 1846 632 1941 peregrinitatis
673 1864 861 1923 accusatum
899 1879 970 1924 esse
1007 1859 1204 1942 argumentis
1238 1880 1279 1924 ex
1312 1859 1391 1942 ipsis

232 1959 511 2026 Acharnensibus
534 1960 643 2044 petitis
666 1961 796 2045 probari
818 1983 882 2027 non
904 1969 1020 2047 potest.
1051 1963 1188 2028 Restant
1209 1962 1306 2045 igitur
1321 1963 1390 2028 sola

252 2071 395 2130 veterum
417 2065 608 2150 testimonia,
633 2086 716 2148 quae
740 2066 872 2132 tandem
894 2067 970 2132 licet
992 2067 1064 2152 ipsa
1086 2067 1239 2151 proferre.
1283 2068 1390 2149 Atque

218 2247 220 2252 Ι
252 2169 387 2254 primum
422 2169 521 2234 schol.
556 2168 600 2233 ad
633 2169 772 2235 Acharn.
806 2190 853 2235 vs.
883 2171 956 2254 328,
994 2176 1165 2254 postquam
1199 2170 1240 2236 de
1274 2190 1391 2236 caussa

250 2281 382 2358 propter
404 2272 601 2357 Babylonios
624 2272 747 2338 intenta
771 2279 803 2338 et
826 2274 867 2339 de
884 2274 1012 2340 Cleonis
1034 2275 1083 2340 ira
1102 2275 1259 2359 exposuit,
1284 2274 1390 2358 pergit

251 2377 300 2442 his
322 2377 443 2442 verbis:
472 2376 526 2438 καὶ
541 2380 647 2453 ξενίας
671 2376 706 2440 δὲ
729 2377 830 2442 αὐτόν
851 2377 1019 2464 ἐγράψατο
1043 2379 1095 2441 καὶ
1117 2381 1163 2454 εἰς
1185 2380 1297 2458 ἀγῶνα
1318 2379 1388 2443 ἐνέ-

250 2480 357 2562 βαλεν.
389 2482 471 2544 Tum
494 2479 527 2544 in
549 2479 612 2544 Vit.
629 2480 724 2546 Arist.
748 2481 832 2546 haec
854 2481 1004 2564 legimus:
1030 2482 1224 2570 διήχθρεοσε
1247 2483 1283 2546 δὲ
1302 2484 1390 2570 αὐτῷ

252 2583 534 2670 ὁἈηιστοφόνης,
558 2582 671 2668 ἐπειδὴ
696 2588 801 2660 ξενίας
823 2586 893 2648 κατ’
916 2587 1018 2650 αὐτοῦ
1040 2588 1171 2673 γραφὴν
1192 2589 1300 2663 ἔθετο,
1325 2589 1390 2672 [καί

251 2686 371 2752 delevit
398 2687 530 2771 Bergk]
566 2689 616 2750 ότι
649 2687 684 2752 ἐν
714 2688 855 2775 δράματι
885 2691 987 2755 αὐτοῦ
1009 2692 1234 2773 Βαβυλωνίοις
1262 2692 1389 2775 διέβαλε

250 2794 315 2853 τῶν
340 2789 529 2873 Ἀθηναίων
562 2791 619 2863 τὰς
651 2791 814 2877 κληρωτὰς
848 2794 950 2880 ἀρχὰς
978 2794 1153 2881 παρόντων
1186 2800 1295 2873 ξένων.
1344 2794 1387 2870 οἷς

251 2897 344 2971 ξένον
367 2893 403 2956 δὲ
425 2893 526 2958 αὐτὸν
549 2894 634 2975 ἔλεγε
649 2896 799 2982 παρόσον
815 2893 845 2960 οἳ
860 2897 919 2979 μὲν
933 2898 1034 2963 αὐτόν
1050 2915 1152 2982 φασιν
1165 2901 1248 2964 εἶναι
1262 2899 1389 2963 Ῥόδιον

251 2999 321 3061 ἀπὸ
344 2997 482 3078 Λίνδον,
513 2995 544 3062 οἳ
573 2998 609 3062 δὲ
632 3001 819 3085 Αἰγινήτην,
844 3001 1076 3083 στοχαζόμενοι
1097 3002 1131 3065 ἐκ
1155 3007 1213 3067 τοῦ
1235 3004 1388 3068 πλεῖστον

250 3103 371 3189 χρόνον
400 3103 457 3182 τὰς
487 3102 653 3189 διατριβὰς
683 3108 854 3168 ποιεῖσθαι
881 3105 1017 3181 αὐτόθι,
1049 3110 1069 3194 ἢ
1095 3106 1148 3170 καὶ
1172 3109 1220 3170 ὅτι
1242 3106 1385 3190 ἐκέκτητο

250 3207 356 3270 ἐκεῖσε.
408 3207 490 3269 κατὰ
524 3208 613 3281 τινὰς
648 3207 696 3283 δέ,
732 3208 775 3282 ὥς
810 3212 858 3271 ὅτι
893 3209 911 3271 ό
945 3210 1051 3297 πατὴρ
1085 3211 1187 3274 αὐτοῦ
1218 3209 1385 3281 Φίλιππος

251 3310 429 3396 Αἰγινήτης.
481 3309 694 3396 ἀπολυθῆναι
730 3311 765 3374 δὲ
801 3313 904 3377 αὐτόν
937 3313 1073 3377 εἶπόντα
1106 3314 1237 3388 ἀστείως
1264 3312 1298 3374 ἐκ
1326 3315 1386 3376 τοῦ

249 3413 388 3499 Ὁμήρου
411 3416 534 3478 ταῦτα·

350 3516 449 3604 μητηρ
471 3520 531 3600 μέν
552 3521 586 3580 τέ
607 3520 647 3599 μέ
670 3533 748 3602 φησι
771 3523 830 3582 τοῦ
853 3520 997 3602 ἔμμεναι,
1021 3522 1123 3608 αὐτὰρ
1148 3522 1245 3601 ἔγωγε

351 3622 409 3685 οὐκ
433 3621 511 3684 οἶδ’·
536 3621 575 3685 οὐ
597 3621 659 3707 γάρ
683 3622 736 3685 πω
760 3646 807 3697 τις
828 3621 883 3687 ἑὸν
904 3623 1004 3703 γόνον
1026 3626 1123 3700 αὐτὸς
1146 3627 1279 3705 ἀνέγνω.

251 3725 402 3812 δεύτερον
436 3724 471 3788 δὲ
504 3725 556 3787 καὶ
591 3730 698 3811 τρίτον
729 3729 989 3814 σοκοηαντηθεὶς
1016 3731 1183 3814 ἀπέφυγε,
1218 3730 1271 3792 καὶ
1302 3731 1386 3793 οὕτω

251 3830 389 3916 φανερὸς
413 3829 631 3904 κατασταθεὶς
654 3829 789 3914 πολίτης
812 3832 1022 3919 κατεκράτησε
1044 3837 1103 3898 τοῦ
1118 3831 1274 3906 Κλέωνος.
1306 3834 1388 3898 ὅθεν

251 3937 368 4018 φησίν·

404 4036 502 4112 αὐτὸς
526 4036 557 4100 δ’
580 4037 720 4119 ἐμαυτόν
742 4037 809 4103 ὑπὸ
833 4039 980 4114 Κλέωνος
1006 4039 1074 4102 ἄττ’
1098 4040 1231 4104 ἔπαθον

301 4154 303 4158 ’
404 4139 580 4223 ἐπίσταμαι
606 4140 646 4226 δὴ
668 4141 721 4204 καὶ
744 4142 785 4204 τὰ
807 4139 887 4228 ἑξῆς.

249 4243 293 4310 Ut
319 4243 558 4328 peregrinitatis
586 4264 702 4310 caussa
729 4253 803 4330 post
833 4247 1029 4331 Babylonios
1060 4253 1135 4312 acta
1162 4247 1212 4331 sit,
1243 4247 1278 4312 id
1301 4246 1387 4330 quod

250 4347 411 4414 Schrader
434 4347 608 4432 contendit,
632 4369 736 4431 neque
760 4370 778 4415 e
802 4349 924 4415 scholio
947 4371 1051 4433 neque
1076 4350 1186 4416 eVita
1209 4357 1296 4416 certo
1313 4372 1386 4417 con-

249 4471 386 4534 sequens
409 4458 467 4516 est.
498 4451 581 4518 Nam
604 4452 803 4537 scholiastes,
827 4454 977 4537 quoniam
999 4455 1031 4520 in
1048 4455 1243 4539 explicanda
1259 4456 1386 4522 Cleonis
