3167 4992
662 323 876 404 ..43-

290 529 418 596 Fnleire
447 535 555 595 autem
584 529 669 596 hane
695 528 889 596 sententiam
918 535 951 595 et
981 530 1169 596 confirmare
1194 531 1270 596 lieet
1293 552 1341 597 ar-

205 634 364 718 gumentis
387 655 428 700 ex
449 632 527 719 ipsis
542 632 766 718 Aristophanis
789 632 964 699 comoediis
986 634 1105 717 petitis,
1128 634 1160 700 h.
1177 656 1205 700 e.
1227 633 1342 701 desunt

205 738 332 804 omnino
366 743 567 820 argumenta,
602 737 717 820 quibus
750 757 771 804 a
799 737 919 815 (ileone
942 743 1073 822 poetam
1102 759 1190 804 reum
1220 739 1342 805 fantum

205 863 276 910 esse
299 841 428 927 probari
451 846 567 925 potest.
601 841 850 926 Aristophanem
871 862 947 920 vero
963 841 1056 906 huius
1070 841 1135 906 litis
1149 842 1342 908 mentionem

204 946 364 1014 facturum
390 945 503 1028 fuisse,
536 944 562 1010 si
589 964 704 1010 revera
730 945 910 1029 postulatus
941 951 1041 1030 esset,
1075 965 1168 1011 nomo
1198 946 1341 1029 negabit.

204 1050 247 1115 At
278 1049 358 1116 feeit
389 1047 536 1131 fortasse,
571 1047 604 1112 in
638 1047 807 1114 comoedia
834 1049 957 1114 scilieet
985 1070 1048 1114 non
1071 1044 1219 1114 servata(
1255 1047 1342 1114 Fieri

204 1153 323 1239 potuit3
345 1172 450 1233 neque
473 1171 550 1216 vero
573 1153 672 1216 semel
688 1152 771 1217 hano
786 1173 855 1219 rem
869 1152 1016 1235 attigisse
1032 1158 1199 1219 contentus
1214 1152 1342 1219 fuisset:

206 1257 254 1349 ad
271 1276 425 1324 nauseam
440 1276 513 1322 eam
531 1255 744 1340 repetivisset,
761 1255 987 1341 perstringere,
1004 1257 1194 1341 convellere,
1210 1257 1343 1322 irridere

207 1363 368 1444 Cleonem,
392 1359 447 1444 qui
461 1365 529 1426 tarn
543 1358 679 1425 ridicula
690 1359 815 1425 ratione
837 1380 913 1425 usus
936 1367 1030 1444 esset,
1053 1381 1226 1443 numquam
1248 1359 1343 1425 desti-

205 1465 312 1532 tisset:
341 1484 416 1529 nam
442 1451 591 1552 eaussarir
613 1463 729 1530 vicisse
752 1463 948 1549 perhibetur.
994 1466 1112 1531 Verum
1133 1465 1222 1549 nihil,
1245 1466 1342 1550 plane

207 1569 285 1635 nihil
308 1569 349 1634 de
371 1567 435 1634 hae
458 1587 575 1634 oanssa
597 1567 685 1652 apud
702 1567 952 1653 Aristophanem
973 1569 1100 1652 legitur.

291 1671 389 1756 Atqui
411 1677 493 1756 sunt,
518 1671 572 1754 qni
594 1673 700 1737 loeum
723 1672 886 1756 quendam
907 1673 1068 1739 invenisse
1085 1673 1147 1740 sibi
1163 1673 1343 1757 videantm,

206 1777 306 1844 veluti
327 1775 474 1843 Rankius
495 1797 572 1860 pag.
588 1777 699 1842 XXIV
721 1797 774 1861 ap.
790 1777 898 1862 Mein,
921 1779 1114 1844 Petersenus
1133 1778 1166 1843 in
1182 1777 1342 1844 Fleokeis.

206 1883 288 1948 Ann.
317 1881 368 1948 85.
398 1901 474 1965 pag.
498 1881 571 1963 656,
605 1879 753 1946 Ldbkius
780 1879 814 1945 in
841 1882 926 1947 obss.
958 1881 1027 1947 orit.
1057 1903 1133 1966 pag.
1166 1884 1216 1965 17,
1245 1882 1341 1967 Vesp.

208 2007 254 2054 vs.
280 1987 364 2054 1284
386 2004 472 2068 sqq:

361 2089 422 2151 είσί
443 2109 525 2161 τινες
548 2092 582 2150 οἵ
601 2087 638 2169 μ’
662 2087 773 2166 ε’λεγον
798 2086 842 2161 ὥς
863 2086 1136 2172 καταδιηλλάγην,

245 2193 338 2260 1285.
361 2191 453 2278 ἡνίκα
475 2190 585 2256 Κλέων
606 2192 647 2273 μ’
670 2190 891 2278 ὑπετάραττεν
911 2190 1111 2274 ἐπικείμενος

362 2300 416 2360 καί
437 2319 476 2378 με
498 2299 661 2370 κακίσταις
684 2297 802 2360 ἔκνισε·
829 2295 909 2358 κᾶθ’
936 2295 983 2358 ὅτ’
1005 2295 1235 2381 ἀπεδειρόμην,

355 2399 476 2474 ὀὑκτὸς
498 2398 615 2479 ἐγέλων
637 2403 720 2482 μέγα
741 2399 920 2485 κεκραγότα
942 2399 1114 2482 θεώμενοι,

363 2502 461 2568 addin
482 2504 533 2587 ἄρ’
555 2501 636 2585 ἐμοῦ
656 2503 767 2586 μέλον,
796 2505 875 2568 ὅσον
897 2503 934 2567 δὲ
955 2503 1060 2586 μόνον
1081 2503 1214 2579 εἰδέναι,

363 2607 569 2690 σκωμμάτιον
589 2609 701 2671 εἴποτέ
722 2631 751 2670 τι
775 2607 972 2690 θλιβόμενος
993 2607 1126 2690 ἐκβαλῶ.

245 2713 338 2778 1290.
362 2715 463 2775 ταῦτα
485 2710 627 2775 κατιδων
648 2710 716 2775 ὑπό
740 2735 771 2774 τι
792 2711 909 2799 μικρὸν
929 2711 1123 2796 ἐπιθήκισα·

361 2816 431 2877 εἶτα
453 2818 512 2879 νόν
533 2813 732 2899 ἐξηπάτησεν
753 2814 772 2900 ἡ
795 2815 900 2901 χάραξ
922 2816 980 2900 την
1001 2815 1159 2898 ἄμπελον.

207 2921 245 2984 In
267 2919 466 2998 versu1286
489 2917 620 2985 exhibui
643 2918 789 2984 oodioum
812 2920 850 2984 R.
867 2924 900 2984 et
915 2920 953 2984 V.
976 2920 1147 2985 lectionem
1169 2923 1345 2995 κακίσταις,

209 3043 305 3107 quam
319 3023 433 3088 misere
450 3022 663 3108 depravatam
678 3042 749 3089 esse
766 3029 798 3088 et
813 3043 908 3088 sensu
924 3029 957 3088 et
973 3029 1074 3088 metro
1090 3030 1197 3108 patet3
1219 3031 1347 3090 oonstat

209 3127 293 3192 enim
322 3131 457 3192 metrum
478 3127 656 3211 paeonibus
679 3113 803 3213 primis3
827 3126 948 3189 κάκιστ’
964 3132 1081 3210 autern,
1111 3128 1197 3209 quod
1219 3127 1251 3192 in
1274 3127 1346 3194 aliis

208 3230 299 3296 libris
328 3237 496 3296 exaratum
524 3236 582 3314 est,
595 3225 598 3230 “
611 3251 632 3294 a
653 3229 783 3294 librario
812 3229 920 3312 aliquo
944 3251 963 3294 e
986 3230 1171 3297 oonieotura
1193 3231 1347 3316 seriptum

210 3355 290 3419 esse,
322 3334 397 3417 quia
424 3337 587 3408 κακίσταις
610 3333 695 3399 omni
718 3353 814 3399 sensu
837 3334 980 3418 carebat,
1015 3341 1162 3419 apparet,
1197 3335 1283 3419 quod
1304 3358 1345 3405 ne
1368 3361 1369 3364 ¹

209 3439 272 3504 hoe
295 3437 423 3520 quidem
445 3442 546 3503 metro
569 3436 738 3503 satissaoit.
785 3437 877 3515 Quae
900 3459 972 3504 oum
994 3438 1041 3504 ita
1063 3439 1136 3524 sint,
1165 3442 1348 3508 aoouratius

213 3542 253 3606 de
281 3541 343 3606 hoo
364 3543 435 3608 loeo
458 3541 624 3627 disputare
648 3561 728 3626 opus
751 3548 810 3626 est,
841 3563 922 3626 oum,
950 3542 1012 3608 nisi
1035 3543 1076 3609 de
1099 3544 1259 3628 scriptura
1281 3565 1349 3610 ver-

212 3647 322 3712 borum
346 3651 480 3730 constat,
503 3666 544 3711 ne
561 3645 602 3712 de
618 3665 715 3711 sensu
738 3645 868 3728 quidem
883 3646 1028 3712 iudicare
1044 3648 1211 3732 possimus.
1242 3648 1349 3730 Atque

209 3749 329 3836 primus
351 3756 486 3816 metrum
509 3751 804 3818 oorrexitFlorens
824 3750 1024 3818 Christianus
1051 3757 1175 3826 κακίαις
1196 3753 1348 3836 scribens,

210 3875 307 3938 quam
322 3855 579 3921 emendationem
595 3855 735 3920 editores
752 3855 1042 3940 comprobaverunt
1058 3855 1102 3921 ad
1117 3877 1213 3921 unum
1229 3877 1347 3923 omnes

210 3957 304 4038 Quod
334 3977 412 4024 sane
441 3959 545 4025 miror.
595 3959 679 4027 Nam
709 3962 804 4022 κακία
834 3965 883 4026 est
904 3959 1073 4042 vitiositas,
1106 3959 1157 4025 oui
1179 3961 1350 4044 opponitur

209 4061 303 4150 ἀρετή
327 4063 379 4128 vel
402 4062 515 4146 virtus3
542 4083 648 4145 neque
671 4083 747 4128 vero
770 4061 1000 4128 vitiositatibus
1023 4062 1194 4146 quisquam
1216 4065 1350 4129 tractari

209 4171 317 4251 potest
339 4166 392 4230 vel
413 4164 584 4250 inorepari.
620 4165 835 4242 Quamobrem
859 4165 1019 4231 Graecum
1041 4172 1181 4250 poetam,
1205 4188 1349 4251 praeser-

209 4269 266 4358 tim
300 4268 370 4352 qui.
387 4267 484 4334 fuerit
516 4268 765 4352 Aristophanes,
801 4274 836 4332 ut
867 4268 914 4334 ita
947 4268 1069 4354 dioam,
1106 4270 1348 4348 Ἀττικώτατος,

210 4374 343 4439 verbum
373 4371 489 4447 κνίζειν
505 4369 589 4453 ¹oum
615 4375 740 4446 κακίαις
768 4370 971 4437 coniunxisse
1000 4373 1154 4438 oredibile
1178 4396 1249 4442 esse
1271 4376 1349 4442 mihi

211 4477 341 4562 quidem
362 4497 426 4542 non
448 4475 584 4543 videtur.
639 4475 782 4544 Offendit
812 4475 845 4540 in
874 4475 937 4542 hae
964 4498 1044 4544 voee
1067 4477 1132 4543 iam
1154 4478 1347 4564 Dindorfius,
