3167 4992
217 488 317 535 naeus
340 469 393 534 Vl.
422 489 498 552 pag.
523 468 629 534 rhen
658 469 867 536 Heliodorum
895 469 1124 536 Atheniensem
1152 470 1355 556 periegetam

217 593 367 657 sequens3
391 573 501 640 scribit
524 579 634 640 autem
656 574 717 640 sie:
741 575 986 661 ’Λριστοφάνης
1009 574 1041 638 δ’
1056 574 1076 641 ὁ
1091 574 1353 662 κωμῳδιοποιός,

216 679 256 742 ὅν
286 693 385 763 φησιν
413 676 611 763 Ἡλιόδωρος
640 677 657 740 ὁ
687 678 875 762 Ἀθηναῖος
900 678 935 743 ἐν
957 689 1025 752 τοῖς
1047 679 1121 766 περὶ
1144 679 1353 766 ἀκροπόλεως

218 829 226 844 .
251 829 258 844 .
283 829 290 844 .
326 784 551 868 Ναυκρατίτην
583 783 679 846 εἶναι.
699 785 792 862 γένος
822 782 888 846 κτλ.
939 782 1126 849 Athenaeus
1153 783 1300 867 quamvis
1322 784 1355 849 in

216 886 398 952 universum
420 886 483 952 fide
508 885 623 969 dignus
646 886 696 969 sit,
718 887 782 952 1100
805 892 913 953 tamen
936 887 970 951 in
991 908 1027 953 re
1043 909 1156 954 vereor
1170 910 1211 954 ne
1226 888 1353 973 patriae

217 1012 325 1057 amore
353 990 529 1075 perductus
557 989 619 1056 sibi
647 991 852 1075 persuaserit,
877 990 972 1074 qnod,
1002 990 1036 1056 ni
1058 991 1128 1077 ipse
1150 992 1357 1060 Nauoratites

217 1096 340 1178 suisset,
370 1094 430 1160 sibi
461 1115 524 1160 non
547 1094 768 1179 persuasisset.
819 1096 934 1178 Itaque
956 1094 1122 1161 Heliodori
1143 1096 1358 1163 testimoninm

217 1200 354 1265 libenter
376 1198 409 1262 in
431 1197 512 1263 libro
536 1217 593 1262 suo
617 1197 732 1282 posuit,
757 1197 809 1264 oui
831 1198 1012 1264 testimonio
1035 1199 1147 1266 dubito
1171 1221 1213 1266 an
1230 1221 1271 1266 ne
1287 1201 1356 1285 ipse

218 1303 347 1388 quidem
383 1301 480 1367 fidem
513 1301 670 1367 habuerit.
731 1301 770 1366 ld
808 1302 938 1385 quidem
970 1324 1081 1369 verum
1114 1311 1163 1369 est
1197 1305 1358 1397 Graeoum

217 1408 474 1492 Aristophanem,
498 1406 525 1472 01
549 1428 589 1472 ex
609 1407 760 1492 Aegypto
784 1427 899 1473 revera
922 1414 1008 1474 ortus
1031 1414 1111 1492 erat,
1134 1409 1358 1476 Naucratitam

217 1509 325 1596 luisse,
351 1532 422 1578 oum
445 1513 514 1577 sola
537 1512 710 1579 Nauoratis
732 1512 795 1578 illis
817 1513 1015 1597 temporibus
1038 1534 1058 1578 a
1082 1513 1217 1578 Graeois
1239 1513 1357 1578 110010-

217 1622 312 1682 retur.
357 1617 471 1698 Neque
498 1637 575 1682 vero
600 1616 759 1682 Graeoum
787 1616 947 1683 hominem
973 1615 1130 1684 Nanorati
1157 1622 1269 1701 ortum,
1298 1617 1358 1683 sed

217 1741 327 1788 verum
350 1725 447 1803 atque
470 1719 594 1786 luseum
609 1719 793 1802 Niligenam
816 1727 947 1804 poetam
966 1720 1065 1786 fuisse
1082 1719 1137 1785 0111
1153 1720 1358 1787 erediderunt

218 1832 250 1892 et
280 1824 498 1909 prodiderunt.
548 1825 641 1890 Haeo
664 1830 750 1890 eerte
774 1824 935 1890 sententia
956 1824 1017 1890 fuit
1039 1829 1214 1908 asotorum,
1244 1824 1358 1907 quibus

219 1928 337 1996 Suidas
370 1947 444 1993 usus
474 1933 532 2012 est,
568 1948 640 1993 0111
668 1928 837 1994 scriberet:
873 1925 904 1991 oi
933 1927 970 1991 δὲ
997 1927 1186 2008 Αἰγύπτιοι
1216 1929 1357 2012 ἔφασαν,

218 2038 316 2116 atque
339 2031 508 2098 manifesto
533 2032 670 2098 eandem
690 2052 877 2116 expressam
892 2031 1038 2097 videmus
1053 2031 1085 2097 in
1101 2031 1199 2097 sohol.
1216 2032 1261 2098 ad
1273 2032 1357 2100 Nub.

218 2157 264 2203 vs.
289 2137 361 2220 272,
389 2136 445 2202 ubi
475 2136 583 2203 fatuus
611 2136 728 2219 aliquis
756 2135 986 2220 grammaticus
1013 2141 1187 2220 propterea
1208 2135 1359 2203 Nilnma

218 2246 317 2326 poeta
350 2246 560 2306 memoratum
594 2261 664 2306 esse
694 2240 868 2322 tabulatnr,
902 2246 937 2305 ut
966 2245 1052 2305 teote
1084 2239 1240 2322 originem
1268 2260 1359 2305 suam

220 2344 436 2412 eonfiteretur:
471 2345 510 2429 ἦν
537 2343 611 2429 γάρ,
647 2343 759 2426 inquit,
794 2343 831 2406 τὸ
860 2346 952 2423 γένος
982 2342 1178 2423 Αἰγύπτιος.
1223 2344 1275 2408 Ex
1295 2343 1359 2410 hae

221 2449 374 2515 memoria
407 2437 521 2532 postea
555 2447 682 2513 demum
712 2447 777 2530 alii,
809 2446 896 2512 velut
923 2446 1125 2530 Heliodorus,
1161 2447 1359 2530 collegerunt

220 2551 469 2635 Aristophanem
490 2550 714 2619 Nauoratitam
735 2549 845 2615 fuisse.
875 2551 936 2614 Illa
959 2556 1068 2616 antem
1089 2550 1197 2635 prisea
1220 2555 1253 2615 et
1276 2551 1359 2635 prin-

220 2655 335 2741 oipalis
364 2655 532 2738 memoria,¹
557 2674 619 2737 qno
650 2653 819 2720 absurdior
846 2640 904 2737 est,
936 2674 975 2718 eo
1003 2653 1131 2719 faoilins
1160 2653 1246 2719 viam
1267 2653 1360 2721 nobis

219 2758 329 2843 munit,
354 2778 418 2841 qua
441 2758 485 2824 ad
508 2757 767 2840 eognosoendam
790 2762 823 2822 01
844 2756 1061 2840 detegendam
1075 2757 1187 2823 horum
1202 2778 1360 2824 00111101-

220 2869 325 2929 torum
347 2862 504 2946 originem
526 2861 572 2927 uti
595 2861 680 2927 lieet.
753 2871 754 2874 ’

307 2966 368 3044 Qui
396 2965 528 3031 tandem
555 2963 625 3030 fieri
647 2963 760 3048 potuit,
791 2970 827 3028 ut
849 2968 916 3028 tam
938 2963 1049 3047 inepta
1071 2968 1202 3046 tamque
1225 2963 1360 3032 11010111-

220 3070 298 3136 bilia
327 3071 368 3138 de
391 3069 606 3153 Aristophane
637 3067 873 3152 proderentur?
917 3066 1137 3149 Intelligemns
1158 3067 1230 3151 hoe,
1259 3068 1287 3133 si
1309 3089 1360 3134 eo·

220 3175 335 3240 mioum
359 3179 489 3258 poetam
504 3172 753 3257 Aristophanem
775 3170 874 3236 fuisse
897 3169 1146 3254 reoordabimur,
1171 3171 1224 3253 qui
1241 3178 1275 3237 ut
1289 3172 1359 3256 ipse

221 3278 302 3344 alios
325 3277 464 3344 eomioos
486 3275 624 3342 ludibrio
647 3275 770 3358 habuit,
793 3275 840 3340 ita
862 3295 883 3339 a
906 3273 1011 3358 poetis
1026 3274 1161 3340 aemulis
1177 3281 1210 3340 et
1224 3274 1359 3340 inimiois

221 3380 408 3466 perstrictus
432 3385 490 3464 est,
522 3379 598 3462 quin
621 3379 720 3444 011011
742 3378 881 3443 omnium
904 3378 972 3443 sine
995 3378 1094 3444 dubio
1116 3378 1264 3463 maxime,
1288 3400 1360 3445 oum

115 3515 119 3519 -
222 3485 413 3552 oomioorum
440 3484 590 3570 prinoeps
613 3504 735 3549 summa
757 3483 855 3549 laude
877 3483 1014 3548 floreret.
1054 3484 1092 3549 In
1115 3483 1250 3550 aliorum
1265 3483 1361 3568 igitur

223 3589 396 3656 oomoediis
415 3587 616 3672 grammatioi
632 3588 712 3653 talia
729 3587 769 3652 de
784 3588 1000 3673 Aristophane
1016 3589 1172 3673 legerunt,
1196 3610 1275 3655 vera
1290 3609 1361 3655 esse

224 3694 438 3778 erediderunt,
461 3692 494 3757 11
516 3691 633 3758 libellis
656 3698 689 3757 et
711 3691 841 3758 seholiis
863 3691 1073 3758 tradiderunt.

308 3797 526 3882 Peregrinum,
560 3796 732 3882 Phrygem,
768 3796 906 3881 Lydum,
939 3795 1193 3881 Paphlagonem,
1223 3796 1362 3880 denique

222 3925 349 3971 servum
364 3902 504 3984 aliquem
518 3921 646 3985 vocare,
671 3900 722 3966 oui
737 3899 932 3965 maledioere
948 3898 1146 3984 propositum
1161 3905 1240 3984 erat,
1257 3921 1362 3984 paene
1412 3963 1419 3980 ,

223 4008 375 4073 sollemne
402 4005 463 4072 fnit
492 4004 636 4089 Athenis,
669 4011 704 4070 ut
731 4003 820 4089 apud
849 4003 930 4068 alios
958 4003 1094 4087 populos
1121 4003 1187 4068 alia
1217 4005 1365 4072 eonvioia

223 4111 342 4176 usitata
365 4116 446 4182 sunt.
477 4111 592 4192 ltaque
608 4108 856 4193 Aristophanem
878 4127 1005 4191 quoque
1028 4129 1048 4172 a
1071 4106 1202 4173 oomiois
1217 4107 1363 4193 inimicis,

224 4214 278 4298 qui
301 4213 389 4280 laudi
412 4213 599 4298 gloriaeque
623 4212 692 4279 eius
714 4212 913 4296 invidebant,
938 4210 1094 4277 eiusmodi
1118 4210 1271 4277 eonvioiis
1291 4233 1363 4278 oon-

224 4321 348 4385 vulsum
376 4325 408 4384 et
438 4318 622 4402 sugillatum
650 4337 720 4384 esse
749 4337 828 4383 sane
852 4316 1020 4401 probabile
1043 4319 1107 4398 est,
1136 4335 1211 4379 nam
1233 4316 1364 4399 saepius

223 4423 303 4488 talia
326 4444 346 4488 a
368 4421 472 4507 poetis
501 4421 630 4487 eomiois
652 4421 685 4486 11
708 4422 850 4486 aemulos
874 4420 997 4485 iaotata
1018 4437 1090 4485 esse
1112 4416 1303 4485 sohohastes
1319 4419 1363 4486 ad
