3167 4992
197 517 306 594 .Quae
337 516 381 582 ad
410 536 467 581 nos
495 514 669 600 permansit
690 515 831 583 Nubium
859 515 1027 582 comoedia
1050 521 1099 581 est
1121 517 1234 601 altera,
1248 497 1252 504 ¹
1265 535 1349 599 quae

174 611 177 618 ’
215 625 358 704 vocatur,
392 619 547 704 recensio,
581 639 664 703 quae
694 618 885 705 imperfecta
919 624 1065 706 apoeta
1090 619 1205 686 relicta
1231 640 1252 684 a
1277 617 1351 683 tiliis

215 723 369 789 videlicet
391 723 480 790 edita
503 728 561 788 est.

201 877 203 882 .
303 825 476 892 Consilium
498 833 607 893 autem
628 825 727 892 fuisse
741 833 861 912 poetae
877 827 1016 893 docendi
1037 847 1095 893 suo
1109 827 1210 913 ipsius
1224 825 1350 892 nomine

87 1015 90 1018 Ι
217 928 355 996 Nubium
378 935 588 995 retractatam
610 929 755 996 fabulam
778 930 969 996 documento
992 937 1042 996 est
1057 930 1188 996 alterius
1204 929 1353 995 editionis

6 1030 11 1120 t
139 1035 140 1038 ’
189 1075 191 1084 1
217 1033 387 1116 parabasis
411 1037 469 1116 (vs.
491 1035 554 1100 518
577 1037 670 1117 sqq),
693 1033 726 1098 in
749 1054 814 1116 qua
837 1034 878 1100 de
900 1054 936 1099 se
959 1053 1081 1117 suaque
1104 1034 1207 1119 prima
1229 1053 1353 1100 comoe-

6 1215 9 1246 1
114 1169 118 1178 ·
219 1135 282 1220 dia,
307 1155 403 1219 quam
425 1136 618 1221 exposuerit,
646 1139 747 1203 verba
769 1137 858 1222 fecit,
883 1158 967 1220 qnae
989 1137 1127 1221 intelligi
1149 1137 1353 1203 nullomodo

217 1259 345 1325 prorsus
378 1240 566 1325 potuissent,
600 1239 661 1305 nisi
694 1240 764 1325 ipse
800 1240 931 1306 chorum
959 1240 1112 1307 inducere
1142 1261 1163 1306 a
1192 1261 1353 1327 praecone

219 1365 327 1409 coram
353 1343 589 1430 spectatoribus
619 1344 707 1409 clara
725 1364 818 1409 uoce
840 1343 945 1408 iussus
971 1350 1066 1427 esset,
1095 1342 1178 1410 h.-e.
1201 1342 1262 1409 nisi
1285 1344 1355 1429 ipse

220 1447 349 1513 chorum
379 1447 555 1532 petivisset.
605 1447 698 1523 Hanc
728 1453 838 1512 autem
860 1448 1037 1531 parabasin
1059 1447 1192 1513 alterius
1214 1467 1286 1514 esse
1308 1468 1356 1514 re-

221 1551 378 1617 censionis
405 1557 438 1616 et
468 1572 509 1617 ex
536 1551 608 1635 ipsa
637 1550 798 1636 discimus,
830 1573 902 1617 cum
923 1558 1023 1636 poeta
1044 1551 1281 1636 spectatoribus
1303 1572 1357 1616 er-

214 1656 359 1739 probret,
384 1655 470 1737 quod
492 1655 598 1740 priore
620 1657 783 1740 repulsam
805 1655 923 1740 tulerit,
947 1661 980 1721 et
1001 1655 1137 1739 legimus
1159 1655 1192 1720 in
1214 1676 1283 1738 arg.
1303 1656 1356 1740 Vl,

109 1812 113 1818 .
221 1759 311 1824 cuius
332 1757 468 1844 scriptor
490 1766 643 1828 accurate
666 1758 707 1824 de
730 1758 964 1826 retractatione
987 1759 1150 1844 exposuit3
1173 1778 1278 1841 neque
1294 1779 1358 1825 non

221 1869 293 1928 sunt
335 1862 519 1928 testimonio.
555 1882 666 1929 versus
707 1863 767 1947 illi,
814 1862 869 1946 qui
904 1863 945 1928 de
978 1863 1146 1948 Eupolidis
1179 1863 1358 1929 Maricante

220 1966 378 2049 leguntur,
407 1965 526 2049 quippe
550 1986 634 2048 quae
658 1965 826 2031 comoedia
849 1986 933 2032 anno
957 1965 1096 2049 denique
1118 1967 1185 2032 420
1206 1966 1285 2032 data
1307 1967 1357 2032 sit.

221 2069 327 2151 Atque
356 2068 390 2133 hi
416 2089 536 2152 versus,
567 2069 593 2134 si
625 2069 696 2152 quis
718 2074 907 2152 argumento
930 2069 960 2133 V
982 2069 1119 2135 conlisus
1140 2069 1359 2154 recensionem

223 2193 243 2236 a
270 2178 368 2255 poeta
397 2171 585 2256 perfectam,
619 2172 900 2254 grammaticorum
934 2171 976 2237 de
1009 2172 1197 2239 didascaliis
1225 2173 1360 2238 alteram

221 2274 362 2342 Nubium
384 2274 544 2358 actionem
558 2295 623 2340 non
639 2275 865 2342 exhibentibus
881 2275 1064 2342 testimonia
1078 2277 1166 2342 nulla
1180 2275 1245 2343 fide
1262 2277 1361 2360 digna

163 2411 165 2416 ·
224 2397 294 2443 esse
323 2378 510 2462 contendat,
547 2397 642 2461 quam
673 2375 854 2462 opinionem
881 2381 1080 2465 protulerunt
1106 2380 1231 2447 deern
1261 2367 1362 2463 (iiber

222 2481 317 2546 Arist.
342 2481 489 2547 Wolken.
518 2481 623 2570 Berol.
642 2483 737 2566 1826)
768 2489 802 2549 et
829 2484 867 2548 Ε.
890 2484 1054 2549 Brentano
1082 2483 1284 2567 (Untersuoh.
1308 2485 1360 2550 1111.

219 2584 253 2650 (1.
278 2583 398 2668 griech.
422 2585 553 2650 Drama.
582 2584 711 2664 Franef.
730 2587 837 2670 1811),
857 2607 933 2652 cum
955 2586 1009 2652 ille
1032 2587 1233 2654 comoediam
1255 2608 1361 2672 paene
1418 2615 1421 2621 ·

222 2710 287 2754 non
324 2695 482 2755 mutatam
514 2689 628 2755 iterum
662 2689 695 2755 in
730 2709 884 2756 scaenam
919 2690 1085 2756 inductam
1119 2711 1190 2757 esse
1224 2696 1363 2776 putaret,

224 2794 385 2857 Brentano
402 2792 483 2858 duas
498 2792 628 2858 fabulas
642 2813 772 2878 prorsus
789 2793 935 2860 diversas
950 2793 1064 2860 doctas
1080 2814 1151 2862 esse
1167 2795 1362 2880 opinaretur,

227 2915 268 2960 ex
290 2896 404 2978 quibus
419 2896 670 2980 Byzantinorum
692 2897 890 2982 temporibus
912 2897 1011 2972 tertia
1026 2897 1252 2963 consarcinata
1267 2897 1363 2982 esset,

227 3017 310 3080 quae
341 2997 384 3063 ad
413 3013 471 3063 nos
498 2998 710 3082 pervenisset:
745 2997 789 3083 hi,
816 2999 957 3083 inquam,
988 2999 1029 3065 de
1052 3000 1230 3067 Maricante
1253 3023 1364 3068 versus

228 3107 315 3166 certo
350 3108 488 3184 arguunt
517 3122 655 3168 errorem
684 3102 896 3186 grammatici,
933 3103 988 3185 qui
1015 3103 1049 3167 in
1078 3105 1200 3187 arg.V
1229 3106 1365 3172 alteram

227 3203 366 3272 Nubium
395 3203 615 3271 recensionem
642 3205 787 3289 proximo
818 3226 902 3271 anno
925 3205 1053 3272 Aminia
1082 3208 1236 3275 archonte
1259 3216 1366 3275 aetam

228 3329 299 3376 esse
322 3309 458 3395 scripsit,
483 3328 554 3376 cum
578 3310 743 3376 consilium
765 3316 885 3396 poetae
908 3331 966 3395 pro
989 3310 1077 3377 facto
1100 3311 1245 3379 haberet.

313 3415 351 3479 In
374 3413 600 3480 enumerandis
621 3413 741 3494 fabulis
763 3434 849 3479 nunc
871 3414 1056 3480 accedimus
1079 3415 1123 3480 ad
1146 3412 1367 3498 quaestionem

228 3517 310 3584 inter
344 3538 467 3602 paucas
501 3517 674 3602 difficilem,
711 3537 810 3600 quae.
830 3517 871 3583 de
901 3518 1080 3602 Vesperum
1114 3518 1295 3585 didascalia
1322 3520 1367 3584 in·

229 3621 392 3687 stituenda
415 3627 475 3688 est.
505 3617 608 3687 Anno'
621 3620 707 3686 enim
728 3620 921 3705 insequenti,
945 3621 1000 3704 qui
1022 3621 1084 3687 fuit
1105 3643 1209 3688 annus
1224 3623 1264 3688 ol.
1281 3625 1367 3707 89,2

229 3725 366 3790 ve1422
390 3746 419 3790 a.
444 3725 501 3790 oh.
525 3746 566 3809 n,
590 3724 773 3791 fabularum
795 3730 996 3791 servatarum
1018 3731 1095 3792 acta
1117 3733 1166 3792 est
1188 3727 1368 3811 Vesperum

230 3827 407 3912 comoedia,
425 3828 514 3894 cuius
529 3828 612 3894 baec
628 3833 735 3894 exstat
748 3828 944 3895 didascalia:
960 3827 1125 3913 ἐδιδάχθη
1140 3827 1202 3892 ἒπ1
1212 3830 1369 3916 ἄρχοντος

228 3933 392 4015 'Apvvtco
427 3931 483 3995 διὰ
516 3931 700 3996 Φιλωνίδου
726 3930 761 3996 ἓν
790 3935 828 4019 τῇ
857 3931 952 3996 πόλει
982 3931 1165 4014 ὀλυμπιάδι
1192 3932 1223 4013 β’
1246 3931 1297 4017 ἢν,
1324 3933 1387 4007 εἷς·

230 4037 368 4121 Λήναια.
422 4036 474 4098 καὶ
509 4034 597 4100 ἐνίκα
630 4040 759 4122 πρῶτος
796 4034 975 4119 Φιλωνίδης
1010 4034 1201 4121 Προάγωνι,
1235 4038 1370 4100 Λευκῶν

230 4143 386 4225 Πρέσβεσι
414 4139 454 4219 γ’.
505 4138 645 4204 Exhibui
672 4138 845 4204 lectionem
873 4137 995 4220 codicis
1023 4136 1237 4222 Ravennatis,
1273 4157 1369 4220 quarn

229 4242 344 4308 misere
387 4249 569 4330 corruptam
608 4248 641 4308 ct
679 4242 894 4327 depravatam
930 4261 1002 4308 esse
1035 4241 1087 4307 vel
1120 4241 1222 4325 primo
1256 4242 1369 4308 obtutu

231 4353 378 4430 apertum
405 4352 463 4430 est,
492 4367 597 4429 neque
624 4346 658 4410 in
686 4345 758 4410 aliis
789 4345 878 4410 libris
905 4346 1006 4411 verba
1036 4365 1100 4409 non
1129 4343 1258 4428 perdita
1287 4351 1369 4411 sunt.

231 4447 397 4533 Restituta⁴
420 4456 492 4516 sunt
519 4451 657 4516 virorum
687 4449 853 4514 doctorum
882 4449 1024 4515 sollertia
1052 4448 1086 4512 in
1112 4448 1197 4513 hanc
1219 4447 1369 4515 formam:

284 4561 377 4616 llriel,
396 4562 430 4607 De
445 4561 580 4608 Callistrato
594 4567 618 4605 et
632 4560 761 4607 Philonide.
1145 4571 1162 4623 4
