3167 4992
663 337 877 399 --27-

351 527 394 611 μή
418 547 475 606 μοι
497 522 692 609 φθονήσητ’,
715 523 833 610 ἄνδρες
856 520 887 587 οἱ
911 507 1083 604 θεώμενοι,

353 631 382 692 σι’
403 628 535 708 πτωχὸς
558 632 603 692 ὥν
626 628 725 690 ἔπειτ’
747 626 782 691 ἒν
803 628 985 710 Ἀθηναίοις
1006 625 1109 704 λέγειν

352 732 456 815 μέλλω
481 730 554 817 περὶ
577 734 632 815 τῆς
654 730 792 806 πόλεως,
815 729 1039 815 τρυγῳδίαν
1062 733 1199 793 ποιῶν.

285 853 387 920 Claris
398 853 500 936 igitur
515 847 622 918 verbis
638 851 841 918 Callistratus
856 871 891 916 se
908 850 1108 916 comoediam
1120 848 1335 934 composuisse

199 957 277 1022 dicit
311 958 363 1022 vel
389 957 503 1041 'potius
533 955 671 1039 simulat,
707 954 793 1038 quod
820 954 1053 1039 Aristophanes
1080 939 1169 1018 certe
1196 953 1243 1017 ita
1272 973 1336 1016 non

198 1061 395 1144 instituisset,
411 1059 472 1125 nisi
485 1059 703 1126 Callistratum
718 1076 829 1124 verum
845 1057 1032 1124 comoediae
1048 1063 1212 1123 auctorem
1223 1055 1337 1121 haberi

199 1164 361 1230 voluisset.

283 1285 341 1350 His
365 1283 519 1350 absolutis
542 1282 586 1348 ad
607 1282 784 1366 parabasin
806 1280 1078 1366 progrediendum
1101 1287 1158 1346 est.
1193 1279 1336 1345 Chorum

197 1395 322 1454 tantum
345 1387 385 1453 de
409 1386 604 1470 Callistrato,
632 1407 695 1450 non
719 1386 759 1450 de
782 1385 1009 1468 Aristophane,
1033 1384 1170 1451 recitare
1193 1382 1335 1466 potuisse

131 1478 133 1482 ¹
198 1514 269 1558 mec
303 1491 421 1557 iudicio
455 1513 474 1556 e
508 1491 604 1556 rebus
635 1489 713 1574 ipsis
729 1490 943 1572 ‘consequens
974 1495 1031 1554 est.
1082 1487 1200 1571 Incipit
1227 1491 1335 1552 autem

198 1596 368 1682 parabasis
391 1597 433 1661 ab
456 1594 506 1660 his
529 1593 726 1678 anapaestis,
751 1613 797 1658 vs.
821 1595 885 1659 628
907 1613 991 1676 sqq.:

352 1734 386 1812 ἐξ
414 1731 453 1799 οὗ
481 1757 517 1813 χε
543 1742 690 1820 χοροῖσιν
717 1731 887 1817 ἐφέστηκεν
915 1740 1075 1818 τρυγικοῖς
1097 1729 1115 1794 ὁ
1138 1727 1334 1801 διδάσκαλος

1070 1839 1127 1910 ὤν,

353 1943 447 2006 οὔπω
482 1945 607 2028 παρέβη
641 1941 725 2028 πρὸς
758 1941 795 2004 τὸ
829 1944 972 2026 θέατρον
1005 1835 1176 2016 ἔζων(
1151 1937 1195 2012 ὦς
1229 1935 1334 2012 δεξιός

1025 2043 1127 2107 ἐστιν

247 2151 319 2214 630.
356 2147 610 2230 διαβαλλόμενος
645 2147 729 2210 d‘
713 2148 780 2212 υπὸ
818 2148 882 2212 τών
914 2147 1044 2233 ἐχθρῶν
1076 2146 1111 2210 ἓν
1143 2147 1336 2228 Αθηναῖοις

1026 2248 1254 2332 ταχυβούλοις

355 2354 580 2439 ὠςνωηιιρδεϊ
609 2355 671 2440 τηνΙ
701 2355 801 2420 πόλιν
826 2356 917 2441 ἡμῶν
944 2355 997 2416 καὶ
1027 2353 1083 2417 τὸν
1112 2353 1216 2438 δῆμον
1244 2355 1334 2415 καθ-

1025 2458 1155 2545 υβρίζει,

353 2563 595 2650 ἀποκρίνεσθαι
635 2563 736 2626 δεῖται
775 2564 846 2628 νυνὶ
885 2564 968 2650 πρὸς
1000 2565 1202 2647 Ἀθηναίους
1234 2584 1334 2644 μετα-
1396 2632 1398 2636 ,

1026 2667 1175 2750 βούλους.

284 2805 335 2869 Ex
363 2804 469 2870 animo
501 2805 547 2871 eis
575 2806 741 2891 assentior,
773 2806 853 2910 qui
855 2812 1043 2872 monuerunt
1030 2805 1148 2871 thaeo
1170 2805 1271 2870 verba
1294 2803 1335 2868 de

199 2914 298 2992 poeta
263 2907 519 2976 ttiaduleseen
509 2931 529 2994 r,
495 2910 693 2993 tqualist
694 2930 747 2976 um
769 2911 856 2976 Arist
843 2911 1001 2996 tophanes
1024 2910 1146 2993 fuisset,
1178 2908 1232 2991 qui
1255 2907 1336 2973 duas

202 3017 324 3077 tantum
347 3013 531 3079 comoedias
554 3020 611 3079 ant
612 3035 652 3080 ea
675 3014 865 3099 scripsisset,
896 3013 1079 3099 praedicari
1102 3013 1157 3077 vix
1178 3011 1335 3096 potuisse·

200 3114 295 3181 immo
326 3116 489 3183 Callistrat
476 3124 543 3183 tum
570 3117 814 3200 intelligendum
843 3137 929 3202 esse,
960 3117 1015 3200 qui
1043 3137 1115 3182 oum
1141 3115 1209 3182 sine
1237 3114 1335 3180 dubio

199 3219 346 3304 proprias
369 3220 553 3286 comoedias
575 3221 641 3285 iam
663 3222 760 3286 multo
784 3226 860 3286 ante
884 3220 1055 3304 docuisset,
1085 3239 1142 3284 suo
1165 3218 1232 3284 iure
1255 3216 1336 3283 talia

200 3324 241 3389 de
269 3344 303 3390 se
331 3323 475 3409 proferre
504 3324 667 3407 quivisset.
722 3326 817 3391 Certo
849 3324 889 3391 de
918 3323 1101 3390 Callistrato
1129 3322 1336 3406 cogitandum

200 3433 258 3512 est,
287 3448 391 3511 neque
422 3428 591 3512 quisquam
614 3450 731 3514 eorum,
761 3429 815 3513 qui
843 3435 909 3494 tum
931 3429 964 3493 in
987 3428 1113 3494 theatro
1136 3427 1336 3494 comoediam

199 3539 385 3616 spectantes
408 3533 554 3617 aderant,
579 3533 676 3599 alium
698 3533 878 3617 intelligere
901 3533 1014 3618 potuit,
1039 3554 1111 3599 oum
1134 3533 1335 3599 Callistratus

199 3642 297 3701 antea
325 3657 345 3700 a
371 3656 532 3720 praecone
556 3643 590 3702 ut
611 3643 710 3721 poeta
733 3637 921 3703 comoediae
944 3637 1130 3702 nominatim
1152 3636 1335 3721 appellatus

199 3745 293 3805 esset.
332 3739 367 3804 Si
391 3739 628 3806 consideramus
650 3741 816 3808 nobiscum
830 3741 1077 3826 Aristophanem
1092 3747 1168 3806 tunc
1183 3739 1335 3823 temporis

102 3909 105 3913 .
198 3843 253 3908 vix
283 3864 301 3909 e
331 3843 450 3928 pueris
467 3863 631 3926 egressum
660 3845 800 3910 nondum
823 3847 944 3912 clarum
966 3852 998 3912 et
1023 3847 1183 3912 celebrem
1205 3850 1335 3928 poetam

199 3946 307 4030 fuisse,
343 3946 446 4029 qualis
481 3955 554 4031 post
587 3949 629 4013 ab
659 3949 804 4015 omnibus
835 3949 1097 4033 praedicabatur,
1133 3948 1209 4031 quin
1237 3947 1334 4014 etiam

180 4051 312 4130 ,Callist
312 4057 417 4118 ratum
446 4058 481 4117 ut
506 4059 584 4118 natu
611 4051 764 4119 maiorem
793 4053 841 4118 ita
869 4053 1025 4119 notiorem
1047 4059 1134 4118 certe
1157 4052 1265 4135 fuisse,
1293 4072 1333 4117 ne

199 4155 322 4225 dicam
334 4155 509 4241 clariorem,
538 4157 626 4242 illud,
656 4158 742 4241 quod
769 4159 870 4242 primo
893 4159 1006 4224 obtutu
1028 4178 1105 4223 sane
1129 4156 1241 4221 mirum
1263 4176 1334 4222 esse

198 4259 290 4336 nobis
323 4260 412 4326 videt
400 4266 462 4345 tur,
504 4243 602 4327 multo
637 4261 806 4328 facilius
798 4262 1011 4345 intelligemus
1045 4267 1078 4326 et
1065 4243 1333 4326 tconcedemus.

197 4364 354 4446 Neque'
345 4364 406 4448 igit
407 4385 443 4430 ur
477 4364 597 4448 dubito,
633 4365 709 4448 quin
741 4365 828 4430 Arist
815 4365 1036 4449 totphanes
1006 4364 1178 4430 studict
1145 4372 1178 4431 et
1205 4364 1332 4450 privato

198 4466 338 4551 quodam
369 4467 510 4552 consilio,
541 4467 664 4534 scilicet
686 4473 720 4534 ut
742 4488 777 4534 se
800 4468 870 4553 ipse
894 4468 1095 4535 dissimulans
1118 4468 1335 4534 Callistratum
1375 4501 1378 4506 ·
