3167 4992
667 327 995 436 -59-·

203 518 287 583 tales
320 522 568 598 consentaneum
602 520 651 579 est
680 537 700 580 a
727 520 826 598 poeta
851 514 995 599 inprimis
1031 521 1234 582 enumeratos
1270 535 1341 582 esse

205 620 342 688 invidos.
363 627 396 685 et
429 620 586 702 aemulos,
621 638 700 701 quos
733 618 810 684 licet
842 619 1009 703 appellare
1040 619 1189 685 uersibus
1221 619 1341 684 Aristo-

205 723 341 808 phaneis
362 724 443 789 Rau.
461 723 503 788 92
526 741 612 804 sqq:
1021 718 1026 725 '

402 825 613 909 ἐπιφυλλίδες
635 825 725 888 ταῦτ’
747 823 813 888 ἐστὶ
836 825 888 887 καὶ
911 824 1141 907 στωμύλματα,

253 983 256 988 .
344 1009 351 1022 .
403 927 582 1010 χελιδόνων
603 938 751 1011 μουσεῖα,
773 928 914 1013 λωβηταὶ
937 932 1062 1014 τέχνης,
1148 1006 1151 1010 A

405 1037 427 1094 ἂ
449 1031 582 1118 φροῦδα
604 1036 742 1107 θᾶττον,
769 1037 809 1118 ἢν
830 1033 936 1115 μόνον
957 1034 1057 1118 χορὸν
1077 1033 1172 1119 λάβῃ,

404 1140 499 1214 ἅπαξ,
518 1135 788 1223 προσουρήσαντα
811 1142 849 1224 τῇ
870 1136 1087 1222 τρυγωδίᾳ,
1160 1207 1168 1220 .

206 1247 239 1306 ct
267 1261 345 1322 quos
373 1241 494 1325 posteri
521 1241 666 1322 homines
692 1247 790 1324 atque
822 1242 958 1306 fortasse
987 1241 1142 1323 aequales
1163 1261 1227 1305 non
1248 1239 1342 1304 flocci

206 1344 360 1410 fecerunt.
397 1345 491 1422 Quod
512 1345 744 1430 Aristophanes
766 1345 859 1410 simul
881 1344 1061 1410 nominatus
1084 1349 1133 1410 est
1154 1343 1237 1408 inter
1259 1342 1342 1407 haec

207 1448 293 1512 bella
320 1469 426 1532 poma,
461 1448 582 1513 facturn
618 1455 676 1530 cst,
711 1447 787 1531 quia
815 1447 975 1532 privatum
1002 1468 1075 1513 cum
1102 1446 1164 1511 hoc
1179 1435 1341 1528 'Eupolidi

207 1550 314 1615 odium
347 1551 416 1616 fuit.
468 1550 632 1617 Eiusmodi
661 1551 817 1634 convicia,
846 1572 931 1634 quae
959 1551 1047 1616 haud
1077 1548 1174 1615 dubie
1204 1548 1247 1613 ab
1270 1547 1342 1613 aliis

208 1674 334 1736 quoque
368 1655 400 1718 in
432 1654 680 1739 Aristophanem
713 1653 928 1739 iactabantur,
962 1655 994 1721 in
1021 1655 1160 1722 Nubium
1188 1651 1342 1738 parabasi

207 1765 306 1842 poeta
328 1758 455 1823 videtur
477 1758 669 1842 respexisse,
693 1779 738 1850 vs
755 1760 835 1824 540:

239 1846 244 1853 ⁸
505 1862 577 1926 οὔδ’
601 1864 727 1948 ἔσκωψε
749 1864 826 1938 τούς
848 1864 1048 1951 φαλακρούς,

208 1987 291 2049 quae
325 1967 425 2032 verba
455 1973 527 2051 post
556 1968 695 2033 Auream
723 1970 874 2035 Aetatem
905 1976 1003 2053 certo,
1039 1969 1114 2053 quin
1143 1968 1241 2034 etiam
1270 1973 1344 2052 post

202 2069 334 2155 ¹Baptae
368 2071 504 2136 sortasse
531 2072 652 2155 scripta
680 2078 761 2138 sunt.
808 2074 915 2157 Atque
942 2074 1027 2138 idem
1058 2073 1119 2138 sibi
1148 2072 1282 2157 arripuit
1310 2071 1343 2136 in

209 2175 296 2240 Pace
324 2174 456 2259 seipse
487 2177 614 2240 calvum
636 2197 757 2242 vocans
779 2198 838 2261 per
860 2177 974 2261 iocum,
1004 2198 1099 2260 quem
1120 2172 1226 2242 iocum
1248 2174 1343 2240 amici

209 2279 347 2344 fortasse
369 2279 401 2343 in
425 2278 498 2344 vino
521 2280 670 2345 solebant
685 2281 839 2364 proferre.
869 2282 954 2348 Nam
968 2283 1083 2346 revera
1096 2279 1343 2364 Aristophanem

209 2382 451 2448 adulescentem
477 2381 608 2448 calvitio
631 2381 729 2448 fuisse
752 2384 935 2467 praeditum
957 2405 1025 2449 non.
1042 2402 1172 2469 possum
1195 2381 1342 2448 credere:

209 2485 346 2551 frontem
368 2485 481 2551 habuit
503 2486 664 2568 altiorem,⁴
684 2493 780 2569 quam
803 2487 936 2572 Eupolis
959 2486 1083 2553 comica
1104 2473 1180 2553 usus
1202 2506 1344 2570 exagge-

208 2589 333 2655 ratione
356 2589 520 2655 calvitium
543 2590 692 2655 vccabat.
738 2591 809 2656 Hoc
831 2591 976 2658 indicant
998 2591 1099 2676 ipsius
1120 2589 1344 2674 Aristophanis

208 2694 309 2759 verba
332 2695 352 2758 l.
376 2695 412 2758 l.:

522 2779 751 2859 γενναιοτάτου
774 2785 838 2845 τῶν
860 2786 1005 2865 ποιητῶν

522 2885 644 2971 ἀνδρὸς
666 2887 702 2949 τὸ
724 2889 878 2968 μέτωπον
900 2887 1039 2967 ἔχοντος.

210 3006 316 3089 Atque
340 3008 401 3073 hcc
424 3015 458 3073 ut
480 3009 660 3093 probarem,
685 3010 793 3093 paullo
817 3008 943 3093 longius
965 3008 1048 3074 abii:
1073 3026 1184 3073 omnes
1206 3005 1290 3072 enirn
1312 3011 1346 3071 et
1451 3056 1456 3064 .

211 3110 411 3193 antiquorum
421 3113 444 3190 ¹)
478 3119 512 3178 et
544 3119 722 3178 nostrorum
751 3119 928 3197 temporum
955 3111 1015 3176 viri
1043 3110 1131 3176 docti
1158 3110 1199 3175 de
1225 3108 1344 3174 Aristo-

210 3212 318 3297 phane
346 3215 439 3278 calvo
462 3214 656 3299 fabulantur,
687 3236 722 3280 re
744 3235 917 3297 numquam
940 3215 1047 3280 adhuc
1069 3214 1103 3278 in
1125 3213 1345 3296 quaestionem

209 3321 328 3382 vocata
366 3317 476 3383 confisi
515 3324 635 3384 temere
673 3319 773 3403 ipsius
810 3325 927 3403 poetae
960 3317 1151 3383 testimonio.
1208 3317 1345 3382 Exstant

210 3425 382 3504 praeterea
405 3421 468 3487 duo
490 3422 563 3506 loci,
587 3422 619 3487 in
643 3422 758 3504 quibus
780 3428 910 3506 poetam
934 3421 1098 3487 calvitium
1120 3441 1210 3487 suum
1231 3420 1345 3486 lusisse

210 3529 333 3608 putant,
369 3525 450 3608 Equ.
474 3547 520 3592 vs.
545 3528 609 3593 550
636 3533 669 3592 et
696 3526 779 3593 Nnb.
804 3546 850 3591 vs.
875 3527 948 3592 545.
993 3527 1107 3608 Neque
1130 3545 1206 3590 vero
1229 3545 1344 3608 perse

209 3627 242 3691 hi
275 3647 386 3693 versus
420 3628 591 3712 quicquam
624 3630 772 3713 probare·
796 3636 937 3713 possunt.
993 3631 1064 3711 lam
1095 3627 1267 3693 redeamus
1301 3628 1345 3692 ad

209 3733 447 3817 propositum2).

281 3918 299 4006 ’λ
322 3937 418 3996 Schol.
436 3940 474 3993 ad
493 3939 569 3993 Plat.
588 3938 674 4010 Apol.
697 3957 763 4010 pag.
785 3941 816 3994 19
834 3939 868 3994 C:
893 3937 1086 4011 Ἀριστοφάνης
1109 3936 1124 3989 d
1143 3936 1345 4007 κωμῳδιοποιος

209 4027 344 4099 φαλακρὸς
364 4022 404 4092 ἦν,
429 4025 464 4087 ὥς
485 4031 529 4081 καὶ
549 4025 630 4088 uritis
651 4047 736 4096 φησιν
756 4029 865 4099 Εἰρήνῃ.
906 4025 1002 4080 Schol.
1021 4026 1059 4078 ad
1077 4024 1126 4078 Ar.
1145 4025 1214 4078 Pac.
1232 4025 1345 4079 velot.

277 4129 299 4197 ⁹]
319 4129 456 4186 Consulto
475 4132 541 4186 silui
559 4133 594 4186 dc
613 4134 710 4187 herma
730 4132 847 4202 duplici,
867 4131 916 4201 qui
935 4129 1120 4185 aWelckero
1138 4129 1176 4183 ad
1189 4128 1344 4183 Tusculum

208 4221 339 4285 repertus
358 4216 476 4272 Bonnae
495 4237 569 4273 nunc
589 4218 747 4274 collocatus
767 4223 819 4271 est.
856 4217 930 4271 Nam
950 4233 1122 4286 quamquam
1140 4216 1298 4269 Menandro
1312 4246 1345 4254 —

208 4302 233 4355 si
252 4303 366 4372 quidem
385 4307 442 4357 est:
466 4321 532 4358 nam
556 4305 623 4358 mihi
644 4323 689 4359 res
709 4322 764 4359 non
783 4304 900 4359 videtur
918 4309 977 4357 tarn
996 4311 1076 4357 certa
1094 4320 1157 4357 esne
1177 4319 1262 4374 quam
1281 4302 1345 4356 aliis

209 4392 262 4455 est,
281 4389 330 4458 qui
347 4388 535 4443 Menandrum
555 4398 633 4444 certo
653 4391 771 4460 agnosci
788 4390 901 4444 dicunt:
919 4389 970 4444 scd
989 4406 1132 4443 sumamus
1150 4406 1213 4443 esse
1229 4389 1345 4443 Menan-

209 4474 290 4528 drum
303 4505 335 4514 -
349 4492 529 4549 quamquam,
547 4477 673 4550 inquam,
691 4477 850 4533 Menandro
863 4475 1086 4548 Aristophanem
1104 4475 1269 4529 adiunctum
1282 4491 1344 4528 csse
