3167 4992
668 361 880 424 -25,a

209 550 287 616 nihil
311 549 522 634 peccavisset.
560 551 597 614 Id
622 569 718 615 unum
740 547 918 614 concedam
941 554 1071 632 poetam
1092 547 1139 613 ita
1162 546 1346 613 Callistrato

209 653 413 738 succurrisse,
447 659 482 718 ut
512 653 552 737 ci,
587 653 613 718 si
647 652 731 717 forte
764 652 865 716 multa
897 652 1048 716 multatus
1081 657 1161 735 crat,
1196 651 1346 716 damnum

208 756 401 822 restitueret.
446 757 595 822 Ceterum
628 776 722 822 nemo
756 760 854 837 atque
888 775 929 820 ne
957 755 1188 838 Aristophanes
1216 754 1346 837 quidem

103 877 105 882 '
210 860 428 948 Callistratum
457 860 565 943 coegit
591 866 647 925 aut
677 879 794 942 cogere
817 858 922 942 potuit
943 857 1193 943 Babyloniorum
1216 858 1346 923 chorum

209 971 331 1050 petere,
355 985 449 1048 quem
471 965 499 1030 si
520 965 664 1048 petebat,
689 963 797 1028 omnia
819 968 936 1047 poetae
953 963 999 1027 uti
1014 963 1084 1028 iura
1100 962 1147 1027 ita
1162 962 1270 1028 officia
1284 962 1346 1027 sibi

209 1069 406 1153 praestanda
430 1087 500 1134 csse
516 1089 579 1132 non
595 1067 776 1150 ignorabat.
812 1065 920 1144 Quare
935 1086 1084 1131 caussam
1098 1065 1187 1131 illam
1203 1066 1345 1148 effugere

208 1191 272 1236 non
297 1169 417 1255 'potuit
474 1171 567 1256 Hanc
601 1169 793 1246 sententiam
826 1168 892 1234 iam
924 1168 1064 1234 valuisse
1098 1168 1187 1253 apud
1219 1175 1346 1235 veteres

209 1275 436 1359 grammaticos
458 1274 549 1340 testis
572 1279 621 1340 est
643 1273 742 1338 schol.
766 1272 811 1337 ad
833 1273 930 1356 Vesp.
954 1292 1000 1337 vs.
1026 1271 1125 1337 1284:

364 1398 426 1459 εἷσέ
447 1419 530 1469 τινες
553 1401 586 1458 οἵ
606 1396 640 1477 μ’
663 1393 772 1477 ἔλεγον
794 1393 838 1466 ὠς
860 1392 1133 1477 καταδιηλλάγην,

363 1499 456 1584 ῆνίκα
479 1498 588 1563 Κλέων
610 1499 644 1580 μ’
664 1497 884 1583 ὑπετάραττεν
903 1496 1102 1578 ἐπικείμενος
1124 1495 1189 1561 κτλ.

209 1640 326 1705 schol:
361 1639 504 1723 ἄδηλον,
538 1638 679 1724 πότερον
711 1641 766 1722 τῆς
795 1636 1037 1722 Καλλιστράτου
1070 1638 1115 1710 εἷς
1144 1636 1200 1721 τῆν
1228 1636 1348 1720 βουλὴν

208 1746 385 1829 εἰσαγωγῆς
408 1741 461 1805 καὶ
484 1746 543 1808 νῦν
562 1742 783 1826 μιμνήσκεται,
808 1743 857 1804 ὅτι
879 1741 980 1804 αὐτὸν
994 1739 1105 1803 Κλέων
1126 1739 1305 1824 εἰσήγαγεν,
1328 1743 1348 1824 ῆ

207 1845 315 1933 ἑτέρας
337 1846 407 1908 κατ’
430 1847 534 1910 αὐτοῦ
548 1848 721 1928 γενομένης
734 1844 1007 1930 Ἀριστοφάνους,
1031 1844 1085 1906 καὶ
1100 1843 1143 1929 μῆ
1158 1846 1346 1928 εἰσαγωγῆς,

208 1950 291 2014 ἀλλά
318 1949 453 2035 ἀπειλῆς
475 1971 572 2026 τινος,
602 1951 684 2034 ὅπερ
711 1949 764 2010 καὶ
792 1946 918 2031 μᾶλλον
943 1947 1142 2030 ἐμφαίνεται.
1188 1946 1292 2010 ἐκεῖνά
1314 1970 1347 2008 τε

208 2055 269 2140 γὰρ
292 2053 472 2119 ἀναπολεῖν
493 2052 687 2140 ἀρχαιότερα
710 2054 810 2126 ἔσται,
836 2056 894 2116 νῦν
915 2076 949 2114 τε
972 2051 1016 2125 ὠς
1039 2052 1112 2135 περὶ
1135 2050 1238 2114 αὑτοῦ
1252 2051 1345 2129 λέγει.

208 2158 315 2241 Atque
335 2158 397 2222 hoc
412 2157 565 2240 scholion,
590 2158 676 2241 quod
691 2157 974 2248 infrataccuratius
989 2155 1204 2239 inspiciemus,
1228 2177 1248 2220 a
1263 2155 1347 2219 bono

209 2261 297 2326 fonte
320 2261 469 2326 haustum
491 2281 562 2326 esse
578 2261 719 2338 videtur;
743 2267 831 2327 certe
848 2259 1040 2343 dignitatem
1056 2258 1228 2341 quandam,
1251 2264 1286 2322 ut
1301 2257 1347 2321 ita

210 2363 326 2448 dicam,
349 2384 429 2448 prae
452 2385 488 2429 se
504 2364 576 2449 fert,
601 2383 684 2446 quae
701 2386 721 2430 a
737 2371 815 2430 nota
830 2363 1075 2430 scholiastarum
1090 2361 1235 2427 vanitate
1251 2360 1351 2426 valde.

211 2469 372 2535 abhorret.
1003 2470 1007 2476 “

296 2589 453 2675 Caussam
479 2595 587 2656 autem
616 2590 820 2670 εἰσαγγελίαν
849 2589 947 2656 fuisse
976 2589 1044 2655 veri
1074 2597 1124 2655 est
1146 2589 1347 2676 simillimum,

208 2699 240 2759 et
275 2692 476 2758 consentiunt
509 2692 578 2758 fere
612 2713 722 2758 omnes
750 2693 791 2759 de
821 2693 884 2760 hac
911 2714 956 2778 re,
991 2694 1023 2758 in
1047 2715 1143 2777 quam
1166 2695 1348 2761 accuratius
1434 2739 1437 2744 -

207 2796 376 2881 inquirere,
401 2817 473 2861 cum
496 2797 538 2862 ab
562 2797 624 2862 hac
643 2796 860 2881 disputatione
877 2798 1003 2879 longius
1018 2797 1113 2881 absit,
1137 2799 1348 2882 supersedere

208 2919 383 2983 possumus.
418 2899 502 2964 Acta
525 2906 574 2965 est
597 2919 714 2965 caussa
737 2900 826 2984 apud
841 2907 1017 2985 senatores,
1042 2901 1096 2983 qui
1112 2921 1200 2966 reum
1217 2902 1347 2968 crimine

175 3031 178 3036 Δ
209 3002 363 3067 liberasse
386 3009 441 3068 aut
463 3003 542 3068 satis
564 3023 668 3087 parva
690 3003 829 3087 pecunia
844 3004 997 3068 multasse
1013 3004 1170 3070 videntur.
1205 3005 1242 3069 Id
1260 3012 1346 3072 certe

211 3104 356 3172 conicere
379 3105 455 3171 licet
478 3127 519 3172 ex
541 3106 604 3172 illis
626 3106 751 3173 verbis:
1005 3093 1008 3098 ¹

645 3311 648 3318 Ι
765 3228 840 3291 ὥστ’
864 3227 975 3307 ὀλίγου
999 3228 1099 3292 πάνυ

457 3332 638 3418 ἀπωλόμην
659 3331 1088 3419 μολυνοπραγμονούμενος.

295 3469 511 3538 Callistratum
538 3471 635 3555 igitur
665 3470 847 3554 significant
877 3472 1131 3540 Acharnensium
1153 3495 1274 3555 versus,
1305 3475 1345 3542 dc

209 3573 324 3656 quibus
351 3575 458 3641 adhuc
487 3575 729 3660 disputavimus.
780 3575 930 3643 Nondum
956 3598 1033 3643 vero
1063 3579 1209 3661 quaestio
1233 3580 1273 3644 de
1297 3579 1346 3645 his

208 3677 352 3742 versibus
376 3678 533 3744 exhausta
555 3685 613 3763 est,
638 3683 717 3762 quos
740 3679 766 3744 si
788 3680 970 3761 accuratius
986 3682 1234 3767 consideramus,
1258 3689 1345 3749 certe

207 3781 366 3846 miramur.
397 3782 553 3864 Loquitur
576 3782 715 3849 enimin
737 3803 859 3848 scaena
881 3784 1098 3869 Dicaeopolis‚
1123 3805 1218 3867 quem
1240 3786 1345 3851 subito

206 3905 377 3968 personam
389 3906 480 3952 suam
492 3905 609 3952 exuere
622 3892 655 3952 et
667 3887 759 3970 quasi
770 3887 859 3951 illum
869 3908 958 3953 reum
969 3888 1074 3973 ipsum
1085 3889 1253 3973 provenire
1265 3909 1344 3957 sane

207 3988 320 4054 mirum
343 3995 401 4074 est,
427 3989 617 4073 praesertim
640 4011 711 4056 cum
734 3990 766 4054 in
794 3990 865 4055 aliis
889 3991 1062 4064 comoediis
1084 3992 1221 4058 servatis
1243 3994 1345 4060 similo

208 4091 331 4174 aliquid
353 4091 467 4158 iterum
489 4113 551 4158 non
574 4099 679 4160 exstet
688 4095 719 4176 ¹).
755 4093 838 4172 Quin
853 4101 952 4178 pocta
966 4095 1116 4161 libertate
1131 4096 1211 4161 satis
1225 4118 1345 4180 magna

211 4304 417 4314 *-

280 4420 299 4491 ¹)
318 4422 353 4476 In
371 4421 500 4492 reliquiis
517 4422 721 4492 Aristophanis
739 4422 797 4476 duo
816 4422 980 4494 fragmenta
998 4430 1073 4492 sunt,
1092 4425 1122 4479 in
1137 4426 1239 4496 quibus
1252 4428 1343 4483 simile

210 4510 319 4584 aliquid
329 4527 479 4567 occurrere
489 4512 611 4569 videtur.
635 4512 769 4586 Legimus
784 4512 859 4569 enim
869 4512 941 4571 haee
951 4514 980 4567 in
989 4513 1070 4570 Vita:
1090 4515 1158 4577 τινὲς
1169 4515 1199 4570 δὲ
1210 4516 1258 4570 δύο
1272 4521 1345 4587 φασί
