3167 4992
284 1390 384 1516 „Das
411 1430 593 1496 Verhbltnis
621 1429 679 1494 des
707 1427 939 1513 Aristophanes
967 1449 1006 1494 zu
1033 1428 1239 1494 Kallistratos
1266 1427 1332 1494 und

195 1533 381 1600 Philonides
404 1533 445 1598 ist
468 1554 503 1599 so
527 1535 574 1598 oft
595 1532 805 1614 Gegenstand
828 1533 886 1598 der
900 1522 1148 1616 Untersuchung
1170 1553 1331 1617 gewesen,

196 1637 257 1702 wie
287 1659 346 1701 nur
374 1636 489 1719 irgend
512 1637 564 1701 ein
591 1637 749 1720 Problem,
778 1656 817 1701 zu
846 1635 963 1704 dessen
990 1636 1173 1701 wirklicher
1200 1637 1333 1719 Ldsung

196 1761 309 1806 unsere
341 1739 498 1806 Kenntnis
532 1739 621 1804 nicht
650 1739 822 1804 ausreicht.
871 1739 949 1804 Wer
975 1739 1044 1804 sich
1073 1740 1131 1806 der
1158 1741 1271 1806 Lheke
1300 1741 1334 1804 in
1388 1751 1390 1758 ’

196 1865 327 1909 unserer
356 1829 604 1926 liberlieferung
631 1844 771 1908 bewusst
799 1843 849 1927 ist,
884 1843 965 1908 wird
992 1843 1089 1908 keine
1120 1843 1333 1926 Versuohung

196 1949 316 2032 ftihlen,
341 1947 400 2012 das
422 1969 525 2030 ganne
541 1947 690 2012 Material
712 1947 796 2012 noch
819 1947 937 2012 einmal
958 1947 1180 2014 hinzubreiten
1200 1946 1265 2012 und
1280 1947 1333 2012 ein

196 2073 296 2120 neues
318 2051 446 2117 Mosaik
469 2053 587 2117 danaus
609 2052 852 2117 hernustellen.“

283 2172 333 2238 Ab
371 2172 432 2237 hoc
466 2172 598 2238 exordio
631 2172 683 2236 Fr.
718 2171 787 2236 Leo
828 2171 1133 2255 disputatiunculam
1171 2171 1334 2254 quandam

198 2275 333 2340 instituit
354 2276 386 2340 in
409 2277 488 2340 Mus.
512 2274 657 2352 Rhenan.
682 2275 743 2340 vol.
769 2276 820 2340 33.
844 2295 920 2358 pag.
943 2276 1017 2340 400.
1063 2275 1181 2340 Verum
1204 2275 1334 2357 quidem

199 2386 248 2444 est
271 2379 311 2444 de
336 2379 518 2446 Callistrato
542 2386 575 2444 et
590 2379 758 2444 Philonide
782 2397 882 2462 saepe
905 2379 1100 2462 multumque
1120 2378 1205 2444 viros
1221 2379 1333 2445 doctos

199 2483 413 2567 disputavisse
451 2489 559 2566 atque*
588 2482 671 2547 adeo
705 2482 895 2548 tractavisse
929 2483 1014 2546 hanc
1048 2482 1269 2565 quaestionem
1301 2483 1335 2548 in

199 2587 343 2652 diversas
366 2592 485 2670 partes,
509 2592 543 2651 ut
566 2606 671 2669 paene
694 2607 757 2651 non
779 2585 820 2650 sit
843 2585 1031 2670 mirandum,
1057 2587 1143 2668 quod
1166 2586 1222 2652 alii
1245 2587 1334 2652 steri-

197 2690 351 2755 lissimum
374 2710 413 2754 ao
433 2689 727 2755 iniucundissimam
748 2711 821 2754 eam
836 2710 906 2755 esse
923 2695 1124 2772 censuerunt,
1147 2689 1212 2773 alii,
1235 2689 1335 2755 veluti

198 2794 277 2877 Leo,
301 2793 427 2859 omnino
452 2792 620 2858 diiudicari
644 2813 738 2877 posse
761 2813 890 2876 prorsus
912 2799 1122 2875 negaverunt.
1162 2793 1233 2874 Ego
1256 2813 1333 2858 vero

203 2918 264 2962 nec
287 2897 336 2962 his
359 2917 419 2962 nee
442 2896 504 2961 illis
527 2896 675 2962 assentiri
699 2916 790 2979 queo,
816 2896 959 2979 cumeis,
984 2895 1038 2978 qui
1051 2895 1156 2978 magis
1170 2895 1339 2978 magisque

192 3000 274 3076 huic
300 3001 347 3066 rei
373 3021 505 3084 operam
532 3001 610 3065 den-t
636 3020 771 3081 eamque
799 2999 926 3083 penitus
956 3019 1151 3082 cognoscere
1173 3000 1335 3084 studeant,

201 3103 234 3167 in
257 3103 326 3168 dies
349 3124 420 3168 eam
443 3102 662 3168 iucundiorem
683 3102 752 3166 fieri
774 3122 909 3167 neeesse
931 3103 973 3167 sit
995 3139 1037 3150 -
1058 3101 1136 3166 mihi
1159 3102 1289 3185 quidem
1303 3103 1338 3168 id

202 3205 335 3289 contigit
359 3245 399 3254 —
424 3212 457 3272 et
486 3226 558 3272 cum
581 3204 802 3288 quaestionem
819 3205 923 3270 'etiam
946 3205 1120 3290 disceptari
1143 3225 1239 3289 posse
1261 3206 1338 3272 mihi

201 3311 424 3394 persuaserim,
442 3311 612 3376 dummodo
628 3310 784 3376 rationem
800 3311 983 3376 scaenieam
999 3316 1204 3395 perspectam
1214 3310 1339 3376 habeas

201 3421 366 3497 artemque
382 3414 546 3480 ¹comicum
561 3401 636 3480 vere
652 3415 736 3480 scias
752 3414 965 3498 interpretari.
991 3413 1195 3499 Quapropter
1210 3415 1339 3499 postha-

201 3518 270 3584 bita
300 3519 419 3584 Leonis
452 3519 623 3584 monitione
657 3540 783 3585 omnem
816 3518 911 3589 huius
942 3520 1138 3602 quaestionis
1172 3519 1339 3584 materiam

203 3621 375 3703 diligenter
413 3623 574 3706 congessi,
617 3623 839 3705 quaestionem
875 3623 1010 3707 institui,
1050 3630 1202 3706 quantum
1239 3623 1338 3708 potui,

203 3731 365 3808 accurate,
390 3731 484 3790 caute
508 3726 647 3810 quidem,
671 3726 729 3792 sed
752 3726 831 3791 satis
854 3726 990 3791 fidenter
1012 3726 1164 3791 iudicium
1186 3727 1259 3792 feei.

289 3829 466 3895 Occurrunt
496 3831 672 3896 Callistrati
706 3837 738 3896 et
764 3829 942 3894 Philonidis
973 3829 1103 3895 nomina
1136 3830 1170 3894 in
1197 3829 1340 3912 reliquiis

204 3932 463 4018 didascaliarum,
494 3954 577 4015 quae
601 3932 797 4016 argumentis
819 3933 1002 3998 fabularum
1024 3932 1214 3998 subiunctae
1238 3939 1339 4016 erant,

203 4035 236 4099 in
262 4035 391 4101 scholiis
415 4035 667 4121 Aristophaneis,
698 4036 730 4100 in
757 4036 874 4102 libellis
898 4036 938 4101 de
962 4035 1130 4101 comoedia
1153 4036 1249 4101 etde
1272 4035 1341 4101 vita

203 4138 426 4222 Aristophanis
449 4139 585 4226 scriptis,
610 4139 697 4225 apud
721 4139 802 4205 alios
824 4139 1052 4223 grammaticos
1073 4138 1204 4223 passim.
1234 4138 1340 4222 Atque

204 4241 314 4308 horum
343 4243 482 4310 virorum
504 4265 603 4329 opera
626 4244 875 4328 Aristophanem
896 4245 929 4309 in
952 4243 1106 4309 docendis
1128 4241 1194 4307 suis
1217 4263 1340 4309 comoe-

203 4345 265 4412 diis
299 4367 390 4412 nsum
420 4367 490 4414 esse
520 4368 630 4414 omnes
658 4340 868 4432 consentiunt,
904 4345 1062 4430 quomodo
1090 4345 1125 4409 id
1151 4344 1272 4411 sactum
1300 4346 1342 4412 sit

204 4451 404 4516 dissentiunt.
439 4454 581 4518 Fuerunt
605 4451 689 4516 enim
712 4451 852 4533 antiquis
874 4449 1079 4535 temporibus,
1104 4449 1158 4532 qui
1173 4455 1341 4534 utrumque

256 4561 351 4616 Briel,
370 4563 404 4606 De
418 4561 554 4607 Callistrato
568 4567 592 4607 et
605 4562 734 4609 Philonide.
1119 4574 1133 4624 1
