3167 4992
647 349 860 414 ..29-

189 537 314 604 etiamsi
330 540 467 604 obseura
482 544 554 632 sunt
569 537 672 622 primo
688 539 810 623 obtutu,
828 545 935 604 tamen
951 537 994 604 ad
1010 538 1227 605 Callistratum
1240 538 1324 605 haee

189 643 289 709 verba
312 641 484 708 reserenda
506 661 578 706 esse
601 649 723 708 eertum
745 649 804 708 est.
846 643 930 710 Nam
953 642 1087 727 primum
1109 663 1242 709 neeesse
1266 650 1325 728 est,

189 747 216 812 si
245 745 374 828 quidem
403 766 465 828 ego
487 745 610 827 aliquid
632 745 738 830 video,
766 745 799 812 in
822 746 940 812 eadem
960 746 1113 830 parabasi
1136 767 1262 832 semper
1285 747 1326 812 de

78 860 80 866 ’
192 850 306 917 eodem
327 856 426 934 poeta
448 849 591 933 reoitari3
615 855 682 915 tum
703 871 791 934 vero,
816 871 888 915 oum
911 850 1128 915 Callistratum
1143 850 1326 916 Acharneu-

191 973 253 1038 σεο,
288 954 379 1037 quasi
409 974 467 1020 sua
496 959 581 1018 esset
611 953 787 1036 comoedia,
819 954 967 1020 docuisse
995 960 1129 1038 sonalat,
1164 975 1206 1020 ex
1232 955 1327 1022 rebus

192 1058 269 1142 ipsis
286 1065 317 1130 et
331 1058 455 1123 ratione
471 1057 623 1124 soaenioa
638 1058 822 1124 necessario
839 1079 1038 1142 consequens
1054 1064 1112 1143 est,
1136 1059 1327 1142 ubicumque

192 1161 233 1228 (le
266 1167 365 1246 poeta
398 1162 450 1227 vel
485 1161 525 1227 de
554 1161 641 1227 ohori
669 1162 823 1245 magistro
851 1164 952 1229 verba
981 1162 1074 1246 fiunt,
1109 1164 1328 1229 tantummodo

193 1265 410 1330 Callistratum
431 1264 567 1348 intelligi
590 1278 694 1350 posse.
726 1266 878 1332 Consulto
901 1267 963 1332 hoo
985 1273 1053 1333 tarn
1075 1285 1175 1351 saepe
1197 1274 1328 1350 tamque

192 1370 335 1455 graviter
356 1391 479 1456 moneo,
505 1371 581 1454 quia
604 1371 703 1455 multi,
728 1391 922 1455 quamquam
945 1379 1091 1457 apertum
1115 1379 1165 1439 est
1185 1379 1217 1438 et
1231 1373 1329 1438 mani-

192 1474 318 1558 festum,
341 1474 436 1539 modo
459 1473 616 1540 rationem
639 1473 823 1541 soaenioam
843 1482 1049 1561 perspectam
1064 1476 1198 1560 habeas,
1221 1482 1330 1542 tamen

193 1578 227 1643 id
249 1577 431 1660 intelligere
454 1578 573 1643 nolunt.

280 1682 347 1748 Sed
369 1681 743 1766 inspiciamusffveterum
765 1681 959 1766 testimonia,
989 1689 1025 1748 ut
1047 1682 1223 1766 videamus,
1254 1683 1332 1765 quid

194 1785 234 1852 de
258 1785 320 1851 hao
343 1806 377 1850 re
400 1784 573 1850 memoriae
596 1784 757 1869 proditum
773 1785 823 1852 sit.
840 1773 961 1852 ¹Sohol.
978 1785 1022 1851 ad
1038 1786 1176 1853 Acharn.
1193 1806 1240 1851 vs.
1253 1788 1330 1851 654:

193 1887 264 1952 ἀλλ’
288 1894 341 1952 ἵνα
363 1891 480 1952 τοῦτον
502 1888 559 1951 τὸν
581 1887 720 1972 ποιητην
743 1888 844 1972 (adde
867 1888 1080 1975 ἀφέλωνται);
1108 1889 1202 1969 ἐγγὺς
1225 1890 1333 1953 αἰτῶν

194 1991 344 2074 λάβωσιν.
380 1991 542 2056 ’ἐντεῦθεν
569 1991 651 2064 τινὲς
673 1992 862 2073 νομίζουσιν
883 1991 918 2056 ἰν
940 1993 1059 2078 Αἰγίνη
1082 1993 1140 2067 τάς
1162 1992 1334 2076 κωμῳδίας

195 2105 303 2160 ποιεῖν
325 2095 382 2158 τὸν
395 2094 626 2180 Ἀριστοφάνην
649 2093 705 2156 διὰ
727 2094 764 2157 τὸ
786 2094 1016 2178 ἐπενηνοχέναι
1034 2096 1135 2160 αὐτόν
1150 2135 1192 2144 -
1207 2096 1342 2178 videtur⁴

196 2199 273 2263 mihi
296 2199 414 2263 laouna
437 2218 507 2264 esse
533 2237 569 2244 —
598 2197 669 2260 ἀλλ’
693 2203 746 2262 ίνα
769 2202 887 2262 τοῦτον
908 2198 967 2261 τὸν
990 2198 1128 2284 ποιητὴν
1149 2199 1334 2282 ἀφέλωνται

197 2302 254 2388 τὴν
276 2304 431 2382 Αἴγιναν,
466 2302 527 2383 οὐχ
560 2301 654 2384 ὑμᾶς.
698 2311 769 2376 ταίς
802 2300 973 2385 ἀληθείαις
1005 2299 1049 2376 εἰς
1077 2301 1116 2387 ἦν
1143 2306 1208 2366 τῶν
1234 2301 1269 2367 ἐν
1298 2327 1335 2390 τη

197 2406 282 2491 νήσῳ
305 2404 597 2492 κληρουχησάντων.
639 2404 736 2470 οἰδὲν
760 2404 796 2467 δὲ
817 2403 935 2468 ἐκώλυε
956 2405 1009 2468 καί
1031 2403 1167 2492 ἑτέρωθι
1180 2406 1333 2493 ,συγγρά-

197 2533 284 2595 φειν,
307 2511 336 2572 εἰ
357 2509 425 2573 ὑπὸ
448 2509 729 2593 Λακεδαιμονίους
751 2509 769 2594 ἡ
794 2512 889 2594 νῆσος
911 2508 1058 2592 ἐγεγόνει.

284 2613 399 2687 ἄλλως.
438 2613 546 2687 οὐδεὶς
569 2610 743 2698 ἰστόρηκεν,
769 2611 813 2686 ὡς
835 2611 869 2677 ἕν
891 2615 1011 2699 Αἰγίνη
1034 2617 1180 2698 κέκτηταί
1201 2636 1231 2676 τι
1253 2614 1333 2700 Ἀρι-

199 2717 374 2802 στοφάνης,
406 2716 477 2780 ἀλλ’
506 2718 586 2780 ἔοικε
614 2720 716 2780 ταῦτα
746 2716 821 2802 περὶ
844 2715 1085 2802 Καλλιστράτου
1108 2717 1275 2796 λέγεσθαι,
1301 2721 1336 2793 ὃς

199 2821 445 2908 κεκληρούχηιιεν
470 2821 506 2885 ἰν
529 2823 647 2906 Αἰγίνη
674 2822 754 2904 μετὰ
783 2820 841 2905 τὴν
863 2820 1041 2886 ἀνάστασιν
1064 2823 1247 2907 Αἰγινητῶν
1268 2821 1337 2886 ὑπὸ

199 2926 385 3010 Ἀθηναίων.

143 3069 145 3072 -
262 3025 336 3094 'En
368 3029 525 3095 habemus
559 3028 653 3094 duas
674 3028 809 3094 duorum
841 3027 1123 3111 grammaticorum
1151 3028 1337 3114 sententias,
1436 3028 1438 3031 ’

185 3132 256 3216 'qui
288 3155 352 3200 non
386 3134 479 3200 aliter
511 3134 594 3200 inter
627 3155 662 3200 se
694 3134 880 3218 discrepant
908 3154 948 3199 ao
974 3140 1103 3200 nostrae
1131 3133 1249 3199 aetatis
1277 3133 1337 3198 viri

202 3237 298 3304 dooti.
344 3239 415 3322 Ego
444 3238 506 3303 utri
533 3237 629 3304 fidem
656 3238 804 3322 tribuam,
833 3259 896 3303 non
924 3237 1045 3322 dubito,
1074 3237 1104 3302 ei
1127 3236 1260 3322 seilicet,
1284 3237 1338 3320 qui

161 3335 163 3340 ’
202 3342 242 3408 de
266 3341 450 3408 Callistrato
478 3342 561 3408 haec
584 3341 673 3408 diota
695 3363 766 3409 osse
790 3344 936 3428 putabat,
965 3348 1062 3425 atque
1086 3342 1128 3406 ab
1151 3341 1212 3406 hoo
1235 3360 1339 3424 gram-

202 3443 322 3512 matioo¹
344 3467 454 3512 verum
475 3445 627 3512 traditum
651 3467 721 3513 esse
744 3467 802 3530 pro
826 3452 913 3513 oerto
937 3446 1052 3511 habeo.
1098 3445 1233 3511 Videtur
1255 3445 1342 3513 enim.

203 3556 330 3616 veteres
357 3551 455 3620 libros
483 3551 650 3634 evolvisse,
681 3550 713 3615 in
741 3551 856 3634 quibus
879 3550 1107 3633 Callistratum,
1135 3571 1199 3614 non
1220 3548 1339 3614 Aristo-

203 3653 352 3738 phanem,
383 3640 529 3720 colonum
551 3654 692 3719 Attioum
720 3653 752 3718 in
779 3654 884 3720 insula
906 3654 1033 3737 Aegina
1060 3653 1158 3719 fuisse
1187 3651 1340 3736 seriptum

202 3758 333 3825 invenit.
389 3758 497 3824 Etiam
529 3757 679 3825 libentius
713 3757 787 3824 huie
821 3757 1031 3840 grammatico
1062 3756 1281 3838 assentiemur,
1313 3754 1340 3819 si

203 3861 425 3956 reputabimus
464 3861 547 3928 inter
581 3862 710 3927 oolonos
744 3861 914 3946 praediola
946 3860 1025 3926 satis
1058 3879 1162 3944 parva
1195 3857 1341 3923 distribui
1420 3903 1424 3912 .

204 3974 302 4050 atque
348 3967 477 4032 oolonos
520 3967 608 4051 ipsos
650 3988 668 4032 e
714 3965 856 4032 nivibus>
879 3964 1076 4051 pauperibus
1118 3968 1151 4028 et
1193 3961 1341 4045 inopibus

205 4070 281 4153 eligi
308 4069 357 4135 ius
386 4070 494 4154 fuisse,
524 4090 622 4153 quare
650 4070 714 4136 ianr
741 4090 800 4154 per
828 4068 863 4136 se
886 4067 1084 4153 probabilius
1108 4071 1157 4132 est
1180 4064 1341 4131 Callistra-

205 4180 271 4238 tum
305 4174 452 4239 oolonum
484 4173 593 4259 fuisse,
629 4195 700 4240 oum
733 4172 965 4257 Aristophanes
999 4171 1067 4237 sine
1103 4169 1199 4235 dubio
1233 4168 1266 4233 in
1296 4168 1342 4234 di-

204 4277 323 4343 vitibus
366 4277 581 4345 numerandus
625 4277 679 4360 sit3
726 4275 944 4342 Callistratum
988 4294 1079 4358 vero,
1125 4273 1243 4359 quippe
1289 4272 1343 4356 qui

98 4391 104 4402 '
205 4381 329 4448 alienas
352 4381 480 4449 fabulas
504 4382 645 4466 doceret,
668 4379 829 4446 hominem
851 4399 1028 4464 pauperem
1050 4377 1148 4444 fuisse
1171 4398 1249 4444 sane
1267 4376 1343 4443 lieet

205 4505 372 4570 susproan.
