3167 4992
662 346 874 410 ‚37-

203 554 275 598 cum
304 540 402 618 poeta
426 533 592 600 inimicitia
615 535 815 620 versabatur,
843 535 911 601 sine
935 536 1032 602 dubio
1055 558 1275 621 quaecumque
1299 539 1339 604 de

203 639 266 703 hac
289 637 456 704 inimicitia
478 645 653 723 acceperat
675 639 737 704 hoc
756 641 828 706 loco
844 641 997 726 narravit,
1022 642 1108 725 quod
1122 663 1195 708 mea
1212 643 1340 726 quidem

202 742 362 807 sententia
385 741 485 827 ipsius
507 744 608 807 verba
631 750 785 825 arguunt3
817 743 1008 809 scholiastes
1030 766 1106 811 vero
1129 746 1194 810 talc
1218 746 1341 830 aliquid

202 866 302 929 saepe
326 867 366 912 ae
388 846 525 910 libenter
548 845 664 912 fecisse
688 846 767 911 satis
789 853 899 912 notum
922 854 980 913 est.
1010 847 1117 930 Atque
1133 870 1230 931 quam
1244 850 1341 916 fidem

203 970 323 1032 quaeso
347 950 377 1016 ci
401 951 526 1015 omnino
547 949 668 1015 habere
685 951 849 1035 debemus,
874 951 927 1033 qui
942 959 1009 1017 tam
1025 952 1194 1019 manifesto
1211 954 1338 1038 erravit,

202 1074 274 1117 cum
304 1053 344 1118 de
367 1053 581 1137 Aristophane
605 1060 759 1138 namaret,
789 1074 873 1136 quae
897 1055 940 1119 ad
963 1054 1180 1120 Callistratum
1203 1055 1340 1139 pertine-

202 1158 303 1222 bant?
334 1157 437 1234 Quam
460 1158 501 1222 ob
523 1179 591 1223 rem
613 1157 854 1241 peregrinitatis
877 1144 1026 1225 caussam
1048 1166 1121 1244 post
1143 1160 1339 1245 Babylonios

202 1266 309 1326 actam
338 1281 409 1326 esse
432 1267 567 1327 nonest
591 1281 647 1326 cur
670 1261 847 1328 credamus.
900 1263 1006 1346 Atque
1028 1284 1069 1329 ne
1091 1263 1187 1330 Vitae
1211 1264 1340 1347 quidem

202 1365 338 1449 scriptor
369 1365 409 1430 de
432 1371 586 1450 tempore,
616 1385 678 1448 quo
702 1365 785 1431 haec
808 1387 924 1432 caussa
948 1368 990 1433 ab
1012 1367 1227 1452 Aristophane
1251 1367 1339 1433 dicta

202 1469 252 1552 sit,
282 1469 436 1535 credibile
465 1469 636 1552 quicquam
666 1471 818 1554 praebet3
849 1492 910 1554 ego
935 1471 1064 1554 quidem
1086 1471 1119 1535 in
1141 1471 1248 1537 verbis
1271 1471 1339 1537 eius

202 1572 280 1637 nihil
314 1572 469 1638 eiusmodi
504 1573 646 1638 invenire
681 1594 819 1658 possum.
876 1576 960 1642 Nam
994 1574 1080 1658 quod
1113 1575 1218 1640 locum
1251 1575 1338 1641 illum

202 1676 464 1761 Acharnensium,
494 1697 588 1760 quem
617 1678 660 1742 ad
688 1698 837 1744 caussam
859 1685 990 1763 propter
1011 1679 1208 1764 Babylonios
1231 1686 1339 1745 actam

201 1786 349 1866 spectare
371 1787 505 1865 constat,
530 1787 564 1845 ut
581 1779 806 1848 documentum
821 1783 925 1866 affert,
948 1783 1033 1849 hanc
1049 1804 1198 1849 caussam
1212 1783 1339 1850 videtur

200 1905 329 1970 prorsus
349 1885 585 1951 commiscuisse
602 1906 674 1951 cum
690 1886 820 1952 crimine
836 1886 1084 1971 peregrinitatis.
1117 1887 1223 1964 Quare
1238 1894 1338 1972 recte,

199 1996 235 2055 ut
256 1989 378 2075 opinor,
401 1990 561 2073 Bergkius
584 1990 663 2056 illud
685 1994 750 2065 καί,
775 1991 861 2074 quod
883 1991 974 2056 uncis
990 1991 1177 2076 smpsimus,
1203 1992 1336 2076 delevit3

199 2115 274 2160 nam
303 2099 433 2159 servata
463 2094 525 2158 hae
555 2093 776 2159 coniunctione
805 2096 907 2159 verba
933 2095 1045 2178 inepta
1067 2100 1149 2160 sunt.
1195 2095 1282 2178 Ergo
1305 2095 1338 2160 in

200 2198 361 2283 duplicem
395 2218 534 2263 errorem
567 2203 680 2281 raptus
713 2204 776 2264 est:
811 2219 886 2263 nam
920 2197 1056 2282 primum
1089 2198 1178 2263 illam
1206 2206 1338 2283 propter

198 2302 395 2386 Babylonios
436 2301 639 2381 εἰσαγγελίαν
680 2302 777 2386 plane
820 2302 938 2386 omisit,
983 2323 1055 2367 cum
1098 2302 1336 2387 peregrinitatis

200 2425 347 2472 caussam
377 2426 436 2490 pro
468 2427 507 2471 ea
534 2406 756 2491 substitueret;
788 2412 856 2472 tum
877 2427 953 2473 vero
977 2406 1227 2492 Aristophanem
1248 2428 1338 2474 reum

200 2511 297 2576 fuisse
326 2531 366 2576 ex
388 2509 651 2576 Acharnensibus
681 2531 853 2595 perperam
883 2511 1047 2577 conclusit.
1102 2512 1219 2576 Totam
1240 2512 1338 2595 igitur

198 2637 265 2681 rem
298 2614 527 2698 grammaticus
560 2614 644 2679 adeo
679 2614 833 2699 confudit,
868 2621 903 2680 ut
935 2616 1036 2680 verba
1067 2616 1135 2681 eius
1163 2616 1252 2682 nulla
1273 2616 1337 2682 fide

200 2718 298 2802 digna
327 2739 397 2784 esse
427 2717 565 2802 possint3
600 2737 704 2800 neque
735 2739 812 2784 vero
839 2717 911 2802 ipsi,
942 2719 1001 2784 sed
1030 2717 1205 2803 traditioni,
1241 2740 1338 2802 quam
1435 2800 1438 2806 Ι

200 2823 365 2890 confusam
387 2822 525 2907 accepit,
554 2823 650 2906 culpa
673 2821 879 2888 attribuenda
903 2828 960 2887 est.
1013 2823 1055 2887 Et
1077 2823 1111 2887 in
1132 2822 1187 2887 illo
1210 2843 1337 2906 quoque

200 2928 252 2991 vel
270 2927 407 2992 maxime
424 2925 649 2991 offendendum
667 2932 725 3009 est,
751 2926 837 3008 quod
852 2925 968 2990 iterum
983 2931 1080 3008 atque
1098 2925 1195 2991 etiam
1210 2926 1338 2991 tertium

201 3030 314 3095 eadem
347 3049 463 3096 caussa
497 3036 595 3114 poeta
630 3028 748 3113 petitus
776 3049 847 3094 esse
878 3028 979 3093 fertur
1008 3029 1106 3111 idque
1134 3029 1238 3113 ipsum
1260 3036 1336 3095 ante

199 3133 431 3199 Achameuses.
485 3133 635 3198 Profecto
666 3133 723 3198 tali
753 3131 948 3215 confusione,
982 3132 1085 3214 qualis
1114 3133 1147 3196 in
1177 3139 1246 3198 tota
1274 3132 1336 3199 hac
1415 3124 1418 3128 ’

199 3238 371 3304 traditione
395 3244 495 3322 patet,
520 3238 639 3304 crimen
662 3237 902 3322 peregrinitatis
924 3259 987 3302 non
1010 3239 1173 3322 probatur.

285 3343 376 3420 Quae
412 3363 483 3407 curn
516 3342 562 3407 ita
596 3342 668 3426 sint,
703 3342 840 3426 fuerunt,
877 3342 992 3425 quibus
1025 3341 1110 3408 hanc
1142 3341 1231 3409 litem
1264 3349 1338 3427 post

198 3446 333 3529 Equites
364 3444 488 3509 demum
518 3446 681 3512 aOleone
710 3452 821 3512 eontra
849 3452 979 3530 poetam
1002 3447 1160 3513 audacem
1182 3447 1338 3512 intentam

200 3569 271 3615 esse
304 3548 501 3632 probabilius
534 3549 707 3633 rideretur,
743 3549 842 3615 veluti
876 3551 1003 3615 Rankio
1037 3572 1114 3635 pag.
1142 3552 1253 3616 XXIV
1282 3571 1336 3634 ap.

198 3651 305 3735 Mein,
328 3652 502 3718 Peterseno
522 3654 542 3720 l.
560 3654 579 3718 l.
604 3675 680 3738 pag.
697 3655 771 3737 656,
796 3653 877 3719 aliis.
909 3655 1015 3737 Atque
1038 3655 1065 3718 si
1087 3676 1203 3721 revera
1218 3656 1337 3722 Aristo·

197 3756 323 3841 phanes
350 3756 408 3822 tali
436 3758 642 3823 accusatione
666 3764 803 3823 vexatus
826 3765 884 3842 est,
913 3758 998 3824 hanc
1020 3759 1216 3824 sententiam
1237 3762 1335 3825 multo

197 3861 444 3945 probabiliorem
483 3881 553 3928 esse
590 3862 727 3928 libenter
766 3862 924 3946 concedo,
968 3883 1040 3927 cum
1077 3868 1150 3947 post
1186 3863 1337 3946 Equitum

196 3965 357 4031 actionem
391 3966 623 4050 Aristophanes
656 3966 688 4031 iu
723 3965 862 4031 omnium
896 3987 950 4032 ore
984 3973 1086 4050 esset,
1126 3965 1246 4051 quippe
1282 3967 1336 4050 qui

196 4068 266 4152 ipse
293 4068 377 4133 hanc
401 4070 553 4136 acerbam
577 4075 609 4135 et
631 4070 817 4135 mordacem
839 4070 1039 4136 comoediam
1062 4070 1094 4134 in
1117 4090 1269 4136 scaenam
1291 4070 1335 4136 in-

197 4172 354 4256 duxisset,
390 4179 423 4238 et
453 4193 524 4238 cum
552 4173 703 4239 Cleonem
731 4179 839 4238 tantas
870 4174 1002 4238 iniurias
1029 4174 1129 4238 ultum
1156 4194 1227 4240 csse
1257 4195 1336 4242 sane

197 4276 351 4342 credibile
375 4276 425 4342 sit.
457 4279 570 4361 Neque
594 4298 680 4361 vero,
704 4282 739 4341 ut
761 4277 894 4342 tandem
916 4278 1091 4359 aliquando
1115 4277 1193 4360 quid
1207 4278 1277 4363 ipse
1295 4280 1335 4346 de

195 4379 257 4447 hoc
280 4381 520 4465 peregrinitatis
545 4381 674 4448 crimine
698 4380 835 4446 sentiam
858 4382 953 4448 claris
975 4381 1082 4446 verbis
1106 4381 1222 4467 dicam,
1250 4382 1335 4450 hanc

198 4505 345 4551 caussam
368 4506 519 4568 umquam
542 4491 659 4571 actam,
685 4484 743 4551 scd
762 4505 891 4569 prorsus
907 4486 1161 4554 commenticiam
1177 4507 1248 4554 esse
1264 4509 1335 4553 cum
