3167 4992
655 351 867 417 „35-

193 539 359 607 absolutus
398 545 468 605 erat
500 577 542 588 -—
577 541 682 606 denuo
719 541 752 605 in
785 541 834 607 ius
867 546 1012 626 vocaret,
1050 540 1108 606 tali
1140 537 1329 626 praesertim

191 646 317 713 ratione
341 645 463 711 dolosa.
497 653 501 660 '

280 751 323 815 At
345 771 432 816 ¹vero
465 771 528 815 uon
562 749 612 816 bis
639 757 771 834 poetam
800 751 996 835 postulatum
1023 769 1105 834 esse,
1138 749 1198 816 sed
1228 749 1331 815 altera

194 875 311 921 caussa
334 855 561 939 Callistratum,
585 855 698 940 altera,
723 855 962 940 peregrinitatis
985 854 1117 938 seilicet,
1145 852 1331 938 Aristopha-

193 980 267 1025 nem
289 979 378 1026 rcum
400 959 521 1031 factum
544 979 615 1025 esse
639 958 694 1025 alii
717 959 837 1025 dicunt.
891 958 952 1036 oui
974 958 1034 1024 viri
1058 958 1145 1024 docti
1166 957 1332 1023 nobiseum

194 1063 396 1129 consentiunt
428 1064 468 1128 oh
499 1062 696 1148 Babylonios
725 1063 827 1128 solum
858 1061 1075 1131 Callistratum
1103 1061 1250 1128 accusari
1277 1081 1331 1145 po-

194 1167 310 1250 tuisse3
345 1167 497 1232 Cleonem
530 1187 606 1232 vero
639 1165 702 1232 bac
729 1187 763 1231 rc
791 1187 855 1231 non
885 1171 1068 1231 contentum
1096 1164 1193 1231 etiam
1222 1184 1333 1229 verum

195 1276 325 1354 poetam
354 1270 387 1335 in
416 1270 465 1336 ius
493 1289 629 1336 vocasse
656 1269 836 1354 opinantur.
886 1269 981 1335 Hane
1006 1269 1208 1354 seutentiam,
1236 1287 1332 1351 quam

196 1373 257 1439 Od.
280 1374 394 1439 Mdller
417 1380 450 1440 et
473 1372 532 1438 Tb.
550 1374 645 1440 Koch
668 1374 700 1439 ll.
725 1375 797 1439 eoll.
821 1373 915 1459 primi
937 1375 1145 1458 protulerunt,
1173 1371 1234 1438 sibi
1257 1371 1333 1437 arri-

195 1477 266 1562 puit
287 1478 327 1543 H.
351 1477 513 1544 Schrader
536 1484 569 1544 et
590 1477 624 1542 in
645 1477 759 1543 Philol.
783 1478 846 1542 vol.
863 1480 914 1544 36.
938 1499 1014 1563 pag.
1031 1478 1094 1545 385
1109 1496 1178 1559 sqq.
1202 1473 1334 1561 propria

159 1652 162 1656 ,
196 1581 413 1665 disputatione
437 1582 576 1666 probare
599 1581 729 1647 studuit.
762 1581 856 1658 Quod
871 1588 906 1646 ut
921 1580 1074 1665 efficeret,
1091 1581 1177 1646 uiam
1191 1578 1333 1663 intravit,

197 1705 280 1769 quae
315 1705 412 1770 quam
441 1685 585 1752 maxime
610 1685 824 1770 improbanda
854 1691 913 1751 est.
963 1684 1216 1751 nebarnensium
1250 1683 1334 1749 enim

195 1790 371 1874 parabasin
399 1789 616 1856 Callistratum
642 1789 725 1855 inter
755 1795 788 1855 et
818 1789 1065 1874 Aristophanem
1094 1789 1141 1853 ita
1164 1787 1333 1872 distribuit,

196 1900 230 1959 ut
263 1893 280 1958 ὁ
312 1893 510 1969 διδάσκαλος
544 1893 745 1960 Callistratus
781 1893 838 1978 sit,
873 1893 891 1956 ὃ
925 1894 1059 1979 ποιητὴς
1092 1891 1333 1976 Aristophanes.

195 1999 271 2064 Illos
294 2004 402 2064 autem
424 2017 544 2082 versus,
568 1997 601 2062 in
622 1998 736 2081 quibus
752 1997 899 2081 Aeginae
919 1998 1038 2065 mentio
1058 1997 1102 2082 fit,
1127 1997 1171 2062 ad
1186 2015 1334 2061 caussam

196 2101 435 2187 peregrinitatis
468 2101 585 2168 retulit.
637 2101 728 2179 Quae
761 2103 844 2168 ratio
877 2123 1006 2186 prorsus
1035 2099 1238 2186 repudianda
1268 2105 1333 2182 est3

198 2227 275 2271 nam
307 2205 493 2272 incredibile
521 2225 592 2272 esse
622 2205 655 2270 in
684 2206 801 2272 eadem
829 2206 983 2289 parabasi
1012 2205 1053 2271 de
1084 2204 1208 2270 duobus
1229 2202 1334 2288 poetis
1367 2247 1370 2254 -

199 2309 300 2376 verba
325 2309 403 2395 fieri,
435 2309 521 2393 quod
548 2329 620 2375 cum
646 2309 770 2376 ratione
798 2309 951 2377 scaenica
973 2314 1097 2394 pugnat
1120 2328 1217 2392 quam
1238 2306 1334 2373 uehe-

199 2413 401 2499 mentissime,
425 2413 490 2479 iam
512 2433 610 2499 supra
632 2413 739 2480 monui
749 2416 780 2496 ¹).

283 2518 389 2601 Atque
404 2519 501 2585 valde
517 2518 613 2585 miror
628 2519 839 2604 Droysenum‚
863 2517 966 2584 virum
981 2516 1208 2601 doctissimum,
1232 2514 1334 2582 simile

197 2622 321 2705 aliquid
349 2621 390 2688 de
417 2623 480 2688 hae
502 2622 656 2707 parabasi
680 2623 831 2688 statuisse
860 2622 905 2705 (in
926 2643 1008 2689 vers.
1034 2642 1113 2688 eom.
1136 2620 1233 2686 Arist.
1256 2620 1332 2686 edit.

196 2727 254 2791 III.
278 2725 340 2792 vol.
364 2727 389 2790 l.
412 2746 489 2810 pag.
513 2727 556 2807 6).
606 2726 690 2794 Nam
718 2746 913 2809 quamquam
933 2726 967 2793 in
989 2725 1171 2791 universum
1193 2743 1256 2791 non
1280 2723 1335 2790 du-

197 2830 290 2916 bitat,
314 2829 390 2913 quin
414 2823 615 2896 Callistratus
637 2830 865 2914 intelligendus
888 2830 938 2916 sit,
961 2837 1079 2916 tamen,
1108 2830 1194 2913 quod
1216 2829 1291 2896 inde
1314 2850 1336 2894 a

199 2954 293 2999 versu
315 2936 378 3000 659
412 2934 611 3018 parabaseos
644 2935 749 3002 subito
780 2935 883 3021 prima
913 2956 1051 3020 persona
1078 2935 1184 3020 posita
1213 2935 1255 3000 sit
1276 2955 1335 3018 pro

200 3037 295 3104 tertia
317 3037 349 3103 in
372 3037 517 3104 versibus
543 3039 827 3105 antecedentibus:

405 3159 489 3246 πρὸς
511 3164 614 3224 ταῦτα
636 3159 747 3225 Κλέων
768 3159 821 3223 καὶ
846 3158 1059 3243 παλαμάσθω
1168 3180 1172 3186 ’

406 3263 458 3326 καὶ
482 3268 552 3328 πᾶν
573 3262 627 3326 ἐπ’
649 3262 719 3346 ἐμοὶ
743 3267 968 3329 τεκταινέσθω.

406 3366 443 3431 τὸ
465 3367 526 3454 γὰρ
548 3367 583 3432 εὖ
605 3369 673 3450 μετ’
695 3367 775 3452 ἐμοῦ
798 3369 850 3431 καὶ
874 3369 911 3433 τὸ
936 3369 1063 3434 δίκαιον

407 3472 578 3555 ξύμμαχον
601 3474 700 3548 ἔσται,
723 3474 782 3538 κού
805 3473 848 3558 μή
872 3474 959 3538 ποθ’
981 3473 1050 3537 ἁλῶ

407 3577 480 3663 περὶ
503 3576 559 3662 τὴν
582 3576 681 3641 πόλιν
704 3581 749 3642 ὥν
770 3579 878 3664 ὥσπερ
901 3576 1020 3652 ἐκεῖνος

408 3679 513 3755 δειλὸς
534 3680 587 3743 καὶ
610 3680 851 3761 λακαταπύγων

200 3799 259 3866 hos
286 3806 444 3868 extremos
473 3822 584 3868 versus
610 3824 673 3868 uon
700 3822 795 3886 posse
819 3802 860 3868 de
883 3802 1067 3868 Callistrato
1089 3800 1242 3868 recitatos
1264 3819 1335 3865 esse

200 3904 262 3970 sibi
283 3906 452 3991 persuasit,
476 3906 535 3972 sed
556 3905 662 3990 potius
686 3906 726 3972 de
741 3905 956 3991 Aristophane
980 3913 1077 3989 atque
1100 3927 1163 3971 non
1177 3908 1279 3972 solum
1295 3907 1336 3972 de

199 4009 425 4095 Aristophane,
454 4010 513 4076 scd
542 4009 639 4076 etiam
667 4011 708 4076 ab
731 4009 956 4095 Aristophane,
986 4010 1039 4093 qui
1068 4010 1157 4076 ebori
1186 4010 1336 4096 prinecps

200 4111 377 4197 parabasin
405 4113 475 4199 ipse
502 4114 750 4198 pronuntiasset.
802 4116 853 4181 De
875 4114 1098 4182 distributione
1120 4115 1207 4182 idem
1228 4114 1335 4181 iudico

272 4337 291 4406 ¹)
311 4336 452 4394 Similiter
470 4339 527 4394 iam
545 4337 676 4394 Koekius
696 4340 752 4409 (De
771 4339 847 4394 Phil.
866 4346 895 4396 et
913 4339 984 4396 Call.
1001 4359 1031 4411 p.
1040 4341 1075 4395 21
1089 4341 1164 4413 sqq.)
1181 4342 1338 4412 parabasin

199 4424 229 4478 in
253 4425 324 4480 duas
348 4431 447 4496 partes
471 4426 637 4496 dispescuit,
660 4427 694 4481 de
719 4444 774 4498 quo
799 4428 948 4482 conamine
970 4445 1027 4482 non
1051 4445 1133 4484 secus
1156 4429 1338 4486 iudicandum

201 4517 245 4566 est
264 4519 351 4584 atque
370 4512 407 4579 de
426 4511 490 4569 aliis
509 4511 656 4567 eiusmodi.

1098 4604 1131 4660 3*
