3167 4992
730 333 940 398 ..64-

265 519 407 606 Λήναια.
446 523 576 606 πρῶτος
603 517 659 604 ἦν·
698 519 860 605 Φρύνιχος
890 518 1037 605 δεύτερος
1064 520 1230 596 Μούσαις,
1262 520 1403 586 Πλάτων

266 627 371 711 τρίτος
392 624 592 708 Κλεοφῶντι.
622 623 729 706 Atque
752 623 862 690 statim
883 623 991 707 pergit
1005 624 1235 706 grammaticus
1250 650 1293 672 —‘-
1308 643 1403 707 quern

265 721 514 812 Aristophanem
535 725 727 812 Byzantium
749 727 848 792 fuisse
871 747 954 792 nunc
976 729 1115 812 probare
1137 730 1267 811 longum
1290 734 1340 794 est
1360 765 1403 778 -

267 831 338 896 coll.
366 851 434 912 arg.
458 831 520 896 Ill:
563 833 647 894 οὕτω
682 829 718 893 δὲ
749 829 952 914 ἐθαυμάσθη
984 831 1021 894 τὸ
1056 831 1166 918 δρᾶμα
1200 831 1257 894 διὰ
1278 832 1335 916 τὴν
1367 830 1403 896 ἓν

266 935 355 1021 αὐτῷ
392 935 594 1021 παράβασιν,
640 935 719 998 καθ’
756 937 796 1020 ἣν
830 934 1013 998 διαλλάττει
1046 937 1122 1012 τούς
1155 935 1303 1020 ἐντίμους
1335 946 1403 1010 τοῖς

266 1039 394 1122 ἀτίμοις
416 1039 470 1102 καὶ
492 1039 568 1114 τούς
590 1037 729 1113 πολίτας
751 1048 819 1112 τοῖς
841 1039 997 1122 φυγάσιν,
1021 1041 1169 1103 ὥστεκαὶ
1185 1038 1403 1123 ἀνεδιδάχθη,

267 1144 310 1216 ῶς
338 1159 416 1226 φησι
445 1145 652 1227 Δικαίαρχος.
697 1141 796 1207 Fides
829 1141 879 1207 his
907 1143 1014 1208 verbis
1036 1143 1146 1226 utique
1169 1126 1322 1210 habenda
1344 1150 1403 1226 est,

258 1266 339 1312 eum
372 1245 593 1312 Dicaearchus
629 1245 720 1334 testis
754 1244 795 1310 sit
828 1245 915 1311 haud
952 1247 1159 1329 spernendus.
1214 1246 1405 1313 Memoravit

267 1356 375 1415 autem
397 1350 561 1415 Ranarnm
588 1349 791 1416 iterationem
820 1349 909 1415 haud
932 1349 1028 1415 dubie
1050 1350 1084 1414 in
1105 1350 1187 1418 libro
1209 1371 1277 1434 suo,
1309 1370 1404 1433 quem

267 1454 342 1540 περὶ
369 1457 532 1535 μουσικῶν
565 1452 633 1518 sive
663 1456 889 1528 Διονυσιακῶν
915 1453 1051 1532 ἀγώνων
1078 1453 1247 1538 scripulu).
1297 1453 1403 1535 Atque

267 1558 300 1623 in
327 1557 389 1622 hoc
415 1556 496 1622 libro
520 1556 740 1640 componendo
764 1577 837 1621 eum
858 1564 1002 1622 secutum
1025 1576 1097 1622 esse
1119 1557 1309 1640 Aristotelis,
1339 1577 1404 1621 ma-

268 1660 360 1744 gistri
382 1659 439 1744 sui,
456 1659 664 1742 ¹didascalica
686 1660 891 1726 manifestum
914 1666 977 1744 est,
994 1654 1085 1726 'redit
1106 1660 1205 1744 igitur
1223 1660 1302 1726 illud
1317 1660 1404 1726 testi-

267 1765 407 1832 monium
429 1764 473 1830 ad
496 1765 648 1849 optimum
671 1769 846 1830 auctorem.

353 1871 423 1934 Iam
449 1889 526 1935 vero
557 1869 735 1953 complures
764 1867 921 1932 exsistunt
952 1866 1166 1950 quaestiones,
1201 1888 1273 1933 cum
1300 1886 1404 1949 neque

269 1973 397 2056 qnando
420 1989 524 2056 neque
548 1993 606 2057 per
629 1993 724 2055 quem
747 1970 916 2038 comoedia
929 1970 1044 2036 iterum
1058 1970 1091 2034 in
1106 1991 1259 2036 scaenam
1273 1969 1406 2035 inducta

268 2077 309 2142 sit
341 2076 496 2158 legamus.
555 2074 756 2140 Philonidem
790 2074 889 2140 etiam
921 2073 1006 2140 hane
1039 2073 1238 2138 comoediam
1271 2072 1406 2157 primum

269 2178 431 2262 docuisse,
466 2177 560 2261 quasi
592 2198 684 2243 suam
715 2178 817 2263 ipsius
851 2177 959 2260 daret,
998 2183 1096 2259 atque
1130 2183 1331 2261 spectatores
1364 2177 1405 2243 dc

269 2283 484 2368 Aristophane
513 2290 645 2350 auctore
675 2283 752 2347 nihil
779 2282 942 2348 audivisse
969 2299 1156 2367 persuasum
1182 2281 1259 2346 mihi
1282 2287 1345 2347 est:
1373 2281 1406 2346 iu

269 2387 333 2452 hac
356 2386 516 2452 sententia
538 2393 648 2471 persto
671 2405 862 2470 semperque
885 2385 1048 2470 perstabo.
1083 2385 1122 2450 Id
1145 2406 1241 2450 unum
1264 2385 1406 2452 concedo

270 2494 346 2554 tunc
369 2489 531 2572 temporis,
560 2509 631 2554 cum
658 2495 725 2553 tam
754 2509 854 2573 saepe
877 2487 1063 2554 Philonides
1084 2488 1338 2573 Aristophaneus
1360 2486 1406 2552 fa-

271 2592 364 2659 bulas
397 2592 542 2676 doceret,
580 2593 751 2676 plerosque
785 2613 827 2659 ex
860 2591 968 2657 indole
1002 2591 1189 2658 comoediae
1222 2591 1331 2657 statim
1364 2591 1406 2656 de

172 2779 177 2788 ¹
270 2693 485 2779 Aristophane
508 2694 669 2777 cogitasse
693 2716 829 2778 eumque
852 2716 962 2760 verum
984 2702 1148 2762 auctorem
1170 2694 1309 2762 duxisse.
1351 2696 1406 2760 At·

272 2819 334 2881 que
358 2797 455 2863 etiam
477 2798 645 2882 probabile
669 2819 739 2864 esse
755 2798 816 2864 hoc
832 2797 968 2882 videtur,
993 2819 1065 2863 cum
1079 2797 1179 2863 Ranis
1194 2798 1408 2864 Athenienses

271 2909 361 2969 tanto
396 2922 493 2987 opere
526 2908 656 2985 tamque
690 2904 776 2969 clare
808 2903 1011 2995 plausissent,
1044 2923 1158 2968 nomen
1184 2903 1408 2986 Aristophanis

272 3005 380 3072 statim
407 3010 481 3089 post
509 3005 670 3071 actionem
698 3005 731 3070 in
760 3007 876 3088 vulgus
902 3025 1061 3090 manasse,
1095 3005 1280 3090 priusquam
1308 3005 1407 3071 editio

272 3109 439 3194 publicata
473 3115 567 3174 esset.
618 3108 759 3192 Egregie
793 3129 870 3175 vero
898 3108 1111 3175 Athenienses
1143 3109 1207 3174 hae
1241 3108 1409 3174 comoedia

273 3212 453 3278 delectatos
476 3231 556 3295 esse,
585 3211 620 3276 id
643 3212 747 3296 ipsum
770 3218 959 3294 argumento
983 3218 1041 3296 est,
1070 3211 1156 3294 quod
1178 3211 1409 3278 consuetudine

272 3335 330 3381 seu
351 3314 458 3398 potius
479 3314 554 3396 lege
577 3314 642 3398 illa,
667 3299 731 3397 qua
747 3314 879 3380 easdem
894 3314 1023 3381 fabulas
1039 3315 1144 3380 denuo
1160 3335 1258 3398 agere
1274 3314 1409 3382 vetitum

273 3424 353 3501 erat,
385 3417 502 3482 omissa
529 3417 614 3482 hanc
640 3418 749 3484 iterari
777 3419 875 3484 etiam
897 3419 1064 3485 iusserunt.
1109 3420 1193 3486 Nam
1215 3418 1263 3485 sic
1283 3440 1351 3485 rem
1373 3439 1409 3484 se

272 3521 423 3587 habuisse
446 3519 642 3586 Dicaearchi
669 3522 769 3587 verba
797 3521 950 3588 indicant.
997 3521 1177 3604 Quaeritur,
1206 3521 1334 3604 quando
1358 3542 1409 3587 co-

272 3625 401 3691 moedia
423 3623 542 3689 iterata
564 3624 614 3689 sit.
646 3624 714 3690 Viri
737 3625 825 3691 docti
847 3625 915 3692 iere
938 3646 1048 3691 omnes
1070 3625 1223 3710 proximis
1245 3624 1410 3710 Dionysiis

273 3729 307 3794 id
341 3729 462 3795 factum
495 3747 566 3794 esse
601 3734 749 3813 censent,
784 3735 883 3811 atque
920 3728 1096 3813 probabilis
1132 3748 1211 3794 sane
1245 3733 1294 3793 est
1326 3728 1410 3794 haec

347 3951 365 4019 ¹]
384 3952 519 4021 Legimus
537 3951 603 4006 libri
621 3951 736 4005 titulum
755 3953 815 4020 arpi
832 3951 971 4019 μουσικῶν
989 3950 1103 4020 ῶγῶνων
1122 3949 1198 4019 apud
1210 3948 1329 4004 Suidam
1347 3967 1370 4006 s.
1382 3968 1409 4007 v.

273 4040 382 4094 σκόλιον
401 4039 478 4092 etin
496 4037 584 4092 schol.
602 4037 680 4092 Plat.
699 4035 787 4106 Gorg.
805 4054 832 4105 p.
852 4037 900 4090 451
915 4036 947 4104 Ε,
965 4041 1117 4106 praeterea
1135 4037 1165 4089 in
1184 4036 1228 4090 ed.
1246 4035 1355 4090 Aldina
1373 4038 1411 4090 ad

274 4125 324 4180 Ar.
342 4124 428 4194 Vesp.
446 4142 488 4179 vs.
508 4123 574 4177 1238
597 4129 627 4177 ct
650 4123 687 4176 ad
710 4122 935 4189 Ran.vs.1302,
959 4139 1014 4191 quo
1038 4120 1145 4176 Suidae
1168 4122 1258 4175 verba
1280 4121 1412 4176 Musurus

273 4211 389 4268 videtur
407 4209 632 4278 transposuissc3
652 4209 752 4262 titulus
770 4211 830 4277 περὶ
843 4208 1028 4261 Διονυσιακῶν
1040 4206 1152 4277 dystro>
1173 4213 1268 4262 exstat
1279 4208 1308 4260 in
1320 4207 1412 4263 schol.

275 4298 313 4352 ad
331 4295 380 4350 Ar.
399 4295 454 4351 Av.
477 4295 613 4348 vs.1403.
654 4293 776 4349 Videtur
802 4299 924 4363 uterque
951 4293 1026 4347 idem
1054 4310 1125 4361 esse,
1151 4310 1245 4364 neque
1272 4310 1351 4363 vero,
1378 4298 1413 4348 ut

276 4383 386 4453 opinor,
405 4381 558 4450 peculiaris
575 4380 649 4435 liber
667 4380 732 4442 fuit,
751 4380 802 4434 sed
820 4397 888 4449 pars
905 4381 1003 4449 magni
1022 4379 1115 4449 operis
1134 4379 1314 4448 Dicaearchi,
1334 4381 1412 4450 quod

274 4468 442 4536 inscriptum
462 4472 524 4519 erat
543 4470 606 4525 Βίος
620 4465 757 4526 Ἑλλάδος.
