3167 4992
601 1289 913 1412 Theseo.

209 1564 237 1629 1.
271 1565 308 1628 In
335 1561 559 1646 Aristophanis
587 1561 729 1630 tharn.
760 1583 807 1629 vs.
832 1565 872 1630 78
907 1563 1035 1630 oodium
1063 1563 1223 1648 scriptura
1249 1563 1322 1630 reti-

272 1667 381 1733 nenda
403 1672 469 1732 est:
1391 1672 1393 1675 ’

343 1786 375 1852 oi
396 1786 553 1874 βάρβαρον
577 1787 637 1874 γὰρ
662 1787 786 1875 ἄνδρας
808 1788 963 1874 ἡγοῦνται
984 1788 1107 1873 μόνους

343 1894 419 1967 τούς
442 1892 579 1956 πλεῖστα
602 1893 804 1976 δυναμένους
825 1905 1052 1980 καταφαγεῖν
1073 1918 1106 1956 τε
1127 1894 1181 1957 καὶ
1204 1904 1300 1960 πιεῖν.

274 2017 325 2080 De
347 2022 449 2081 metro
473 2015 514 2081 ef.
537 2016 618 2098 Equ.
642 2036 688 2081 vs.
713 2017 786 2083 676.

209 2189 238 2254 2.
274 2189 327 2253 Ar.
350 2188 432 2271 Equ.
455 2208 502 2253 vs
528 2189 590 2252 114
612 2207 688 2253 vere
711 2186 965 2272 Aristophaneus
989 2195 1052 2254 est:

316 2311 392 2394 φέρε
419 2329 478 2372 νυν
503 2307 565 2387 ἐγώ
587 2306 715 2394 ἐμαυτῷ
736 2308 938 2393 προσαγάγω
961 2309 1019 2373 τὸν
1040 2308 1116 2389 χόα,

316 2414 385 2478 τὸν
414 2417 508 2478 νοῦν
537 2413 587 2478 ἵν’
618 2412 725 2498 ἄρδω
755 2414 820 2476 καὶ
847 2413 943 2494 λέγω
972 2437 1010 2476 τι
1039 2413 1182 2490 δεξιόν.

209 2589 238 2653 3.
272 2588 310 2651 In
332 2586 386 2652 Ar.
410 2548 492 2669 Equ.
516 2587 630 2671 parab.
654 2586 825 2652 eommatio
849 2590 908 2669 (vs.
923 2588 1108 2668 498-506)
1131 2607 1235 2670 neque
1258 2607 1323 2651 mu-

271 2692 404 2757 tandum
427 2691 599 2774 quiequam
622 2711 726 2774 neque
751 2691 1001 2775 expungendum
1024 2697 1082 2757 est.

209 2865 239 2928 4.
275 2863 479 2947 Amphiteum
502 2863 599 2948 illum,
630 2885 725 2946 quem
747 2863 872 2929 induxit
894 2863 1125 2946 Aristophanes
1147 2863 1178 2926 in
1203 2863 1322 2929 Aehar-

272 2966 437 3051 nensibus,
471 2968 722 3052 Hermogenem,
761 2966 885 3032 Galliae
921 2967 1067 3050 fratrem,
1106 2969 1176 3032 esse
1210 2968 1323 3032 Mulier

273 3069 513 3153 Strilbingensis
552 3093 616 3136 non
654 3071 813 3155 probavit.
875 3070 950 3134 Fuit
991 3070 1078 3135 haud
1113 3070 1209 3135 dubie
1244 3070 1323 3135 nivis

272 3174 485 3259 Atheniensis,
517 3175 568 3240 oui
598 3182 750 3258 parentes
778 3173 887 3240 neseio
915 3195 979 3256 qua
1008 3174 1049 3240 de
1073 3195 1189 3239 eaussa
1211 3173 1323 3240 mirum

272 3279 351 3345 illud
372 3299 488 3345 nomen
511 3279 678 3345 dederunt.

206 3454 236 3519 5.
271 3454 308 3518 In
332 3452 523 3519 eomioorum
552 3453 697 3518 versibus
719 3452 850 3536 saepius
872 3451 1060 3537 tribrachyn
1082 3452 1224 3535 sequitur
1246 3474 1322 3520 ana-

271 3564 417 3641 paestus3
460 3558 543 3623 tales
584 3576 694 3623 versus
736 3576 800 3621 non
836 3555 912 3620 lieet
949 3563 1072 3622 mutare
1109 3563 1166 3623 aut
1203 3558 1321 3623 delere.

272 3661 430 3745 Exempla
442 3667 514 3726 sunt
526 3661 614 3745 apud
626 3659 887 3743 Aristophanem:
904 3659 984 3727 th.
997 3662 1049 3728 47.
1062 3663 1134 3728 928.
1151 3661 1234 3730 Nub.
1248 3663 1320 3728 663.

271 3765 331 3831 Αν.
348 3766 421 3831 108.
451 3764 541 3830 Eeel.
559 3766 631 3830 315.

207 3939 237 4005 6.
272 3940 386 4004 Zonar.
412 3940 495 4005 1366
519 3939 636 4021 (Koek.
666 3937 703 4004 fr.
727 3940 752 4004 Ι.
777 3960 809 4023 p.
828 3941 899 4025 129,
919 3940 1013 4021 456):
1053 3934 1084 4002 oi
1105 3938 1234 4002 Ἀττινοὶ
1256 3939 1320 4022 μό-

271 4042 395 4124 λυβδον
416 4043 469 4105 καὶ
491 4042 692 4125 μολυβδινον
716 4090 723 4105 .
749 4089 757 4104 .
783 4091 790 4106 .
831 4045 992 4130 Φορμίων.
1015 4053 1096 4130 τρεῖς
1119 4045 1181 4128 ἔφη
1197 4043 1321 4129 στήσειν

271 4144 444 4231 τρίποδας,
469 4147 580 4210 ἔπειτα
603 4147 719 4230 ἔθηκεν
742 4151 798 4211 ἕνα
819 4146 1029 4230 μολυβδινον.
1075 4147 1196 4214 Comioi
1219 4147 1321 4231 ignoti

272 4255 321 4316 est
343 4249 566 4336 fragmentum,
591 4250 677 4334 quod
699 4249 746 4318 sie
767 4251 915 4318 restituo:

362 4371 380 4436 ὃ
407 4373 560 4458 Φορμίων
581 4375 750 4459 χρυσοῦς
773 4397 815 4453 γε
836 4382 919 4460 τρεῖς
942 4373 1067 4438 oetaeo
1089 4374 1151 4459 ἔφη

362 4476 535 4561 τρίποδας,
559 4479 657 4541 ἔπειτ’
681 4479 797 4562 ἔθηκεν
820 4483 875 4544 ἕνα
896 4477 1106 4561 μολύβδουον.
