3167 4992
628 340 840 405 ..47-

172 529 206 594 in
227 550 348 598 scaena
370 528 669 617 pronuntiabantur,
694 527 870 596 Callistrati
892 525 1018 592 nomine
1034 526 1174 602 dicenda
1189 533 1304 592 essent.
1349 538 1361 556 ⁸

171 635 286 718 ltaque
325 655 367 701 ex
399 634 460 702 hoc
494 635 565 700 loeo
598 633 781 700 necessario
815 631 971 715 sequitur,
1008 637 1044 698 ut
1077 631 1308 716 Aristophanes

171 739 323 821 Equitum
356 759 483 822 quoque
517 738 661 805 fabulam
692 737 876 803 Callistrato
907 735 1087 814 docendam
1117 736 1245 802 tradere
1275 736 1306 800 in

173 843 278 909 animo
301 843 459 910 habuerit.
498 842 700 910 Callistratus
722 862 809 925 vero,
833 840 889 906 ubi
912 840 953 905 de
975 860 1099 905 summa
1121 842 1308 909 comoediae

173 947 288 1012 certior
325 946 430 1012 factus
468 952 517 1012 est
556 944 689 1029 eiusque
726 943 939 1010 acerbitatem
971 943 1110 1026 legendo
1148 947 1308 1031 cognovit,

173 1071 292 1116 memor
324 1050 519 1134 iniuriarum,
555 1069 636 1132 quas
666 1055 798 1134 propter
824 1047 1021 1133 Babylonios
1049 1049 1150 1114 Cleon
1175 1049 1209 1114 in
1237 1071 1309 1116 eum

173 1153 338 1239 iniecerat,
367 1159 491 1220 tantum
514 1153 691 1238 perieulum
713 1151 822 1218 subire
843 1149 932 1217 haud
954 1149 1051 1216 dubie
1074 1160 1228 1234 gravatus
1251 1162 1310 1222 est.

175 1258 314 1324 Coactus
335 1257 399 1324 hae
417 1256 646 1323 retractatione
663 1262 695 1322 et
710 1254 876 1340 perpetuis
890 1254 1064 1320 amicorum
1079 1254 1312 1326 hortationibus

175 1369 350 1428 commotus
378 1361 443 1427 iarn
472 1381 530 1426 suo
552 1360 679 1427 nomine
702 1359 787 1426 hane
810 1359 955 1435 fabulam
978 1359 1056 1425 dare
1078 1359 1312 1446 Aristophanes

175 1465 314 1531 animum
340 1463 474 1532 induxit.
1309 1539 1325 1544 ..

134 1647 136 1653 Ι
260 1570 299 1633 In
314 1567 467 1653 parabasi
481 1587 545 1632 non
560 1573 609 1634 est
624 1566 861 1650 offendendum,
878 1566 905 1632 si
920 1566 1003 1632 forte
1020 1567 1091 1650 quis
1102 1568 1165 1634 hac
1177 1570 1223 1634 uti
1234 1572 1312 1637 velit

176 1673 220 1738 ad
240 1672 445 1738 refutandam
467 1669 668 1754 sententiam,
692 1690 788 1753 quam
808 1671 1022 1755 exposuimus.
1051 1671 1136 1739 Nam
1151 1673 1313 1741 Callistra-

175 1783 242 1842 tum
263 1775 409 1842 fabulam
430 1774 495 1840 iam
514 1773 627 1841 rudem
643 1779 675 1839 et
690 1773 914 1859 imperfectam
928 1773 1047 1858 legisse
1063 1784 1313 1844 consentaneum

177 1886 235 1948 est.
265 1881 380 1962 Itaque
396 1877 638 1963 Aristophanes,
662 1883 834 1964 postquam
854 1877 908 1943 ille
929 1878 1128 1944 comoediam
1148 1901 1183 1946 se
1205 1882 1313 1950 doctu-

177 2004 245 2048 rum
267 1982 408 2068 negavit,
430 1981 607 2067 parabasin
629 1981 818 2067 composuit,
842 1983 971 2064 qualern
992 1979 1137 2066 legimus.

262 2089 376 2170 Neque
404 2107 482 2152 vero
511 2092 641 2171 poetam
670 2086 774 2171 ipsum
798 2086 925 2152 Cleonis
947 2093 1057 2171 partes
1080 2087 1185 2171 egisse
1209 2092 1315 2174 putari

136 2271 140 2274 ,
178 2191 264 2256 licet.
309 2190 393 2258 Nam
416 2189 504 2273 quod
526 2210 568 2255 ex
590 2209 636 2254 vs.
661 2191 726 2268 230
747 2209 835 2272 sqq:

354 2292 472 2377 καὶμὴ
496 2291 624 2355 δέδιθ’·
653 2291 692 2355 ori
714 2291 776 2377 γάρ
798 2290 885 2356 ἐστιν
905 2272 1127 2378 ἐξῃκασμένος.

354 2395 421 2460 ὑπὸ
443 2399 502 2461 τοῦ
526 2394 621 2470 δέους
643 2395 705 2481 γάρ
728 2395 831 2460 αυτὸν
853 2394 960 2470 οὐδεὶς
981 2395 1080 2481 ἤθείε

355 2503 419 2564 τάν
441 2501 643 2564 σκευοποιῶν
664 2497 800 2562 εἰκάσαι.
838 2498 971 2573 πάντως
993 2523 1029 2579 γε
1050 2500 1114 2585 μην

356 2603 597 2688 γνωσθήσεται·
625 2603 746 2689 τὸγὰρ
770 2606 914 2689 θέατρον
937 2602 1045 2680 δεξιόν

179 2707 381 2793 grammatici
404 2708 602 2791 collegerunt
627 2707 754 2773 fabrum
776 2727 986 2791 personarum
1007 2708 1166 2774 neminem
1188 2709 1317 2776 Cleonis

179 2834 350 2899 personam
378 2813 535 2878 conficere
564 2831 668 2894 neque
692 2831 886 2895 quemquam
908 2811 1094 2879 histrionem
1115 2819 1226 2897 partes
1248 2813 1317 2880 eius

180 2917 342 3003 suscipere
366 2937 479 2982 ausum
501 2935 582 2999 esse,
607 2935 707 2999 quare
722 2914 972 3000 Aristophanem
993 2915 1099 3001 ipsum
1114 2936 1169 2982 ore
1184 2916 1317 2983 miniato

180 3028 237 3090 aut
263 3021 357 3088 faece
379 3019 460 3086 illito
483 3019 542 3084 has
564 3025 675 3103 partes
698 3039 798 3101 agere
821 3024 970 3091 coactum
992 3038 1073 3102 esse,
1102 3019 1246 3104 ineptum
1269 3027 1318 3087 est

181 3127 309 3208 oletque
332 3122 525 3209 sapientiam
547 3120 783 3189 scholasticam.
822 3121 998 3188 Aunotavit
1021 3122 1106 3188 enim
1127 3123 1318 3191 scholiastes

181 3228 225 3294 ad
252 3248 298 3293 vs.
323 3229 387 3294 230
408 3227 505 3292 haee:
541 3226 599 3290 oda
625 3227 709 3306 είχευ
738 3225 843 3290 αὐτοῦ
871 3235 1082 3311 προσωπεῖον
1108 3225 1166 3288 διά
1192 3227 1230 3290 τὸ
1259 3227 1317 3292 δε-

183 3332 325 3396 δοικέναι
354 3331 430 3406 τούς
458 3331 672 3404 σκευοποιοὺς
694 3328 747 3391 καί
769 3329 813 3414 μη
836 3328 946 3394 θέλειν
967 3330 1045 3415 μήτε
1067 3329 1221 3395 πλάττειν
1242 3332 1320 3418 μηττ

183 3435 386 3518 σχηματίζειν
414 3435 472 3520 τὴν
498 3435 580 3520 ὄψιν
607 3438 666 3498 τοῦ
687 3433 845 3508 Κλέωνος.
893 3433 977 3514 λέγει
1005 3434 1076 3510 οὖν,
1107 3437 1156 3498 ὅτι
1182 3436 1323 3521 μηδενὸς

184 3536 388 3609 ὑποστάντος
417 3537 517 3602 αὐτὸν
543 3536 781 3623 ὑποκρίνεσθαι
809 3536 907 3610 αὐτὸς
934 3535 952 3599 ὁ
979 3537 1224 3625 ’Λριστοφάνης
1244 3541 1321 3622 μιλ-

185 3639 289 3713 τοίσας
318 3636 434 3703 ἑαυτὸν
461 3639 667 3727 ὑπεκρίνατο,
697 3644 776 3726 dud
798 3643 913 3727 τρυγίηι
935 3644 1048 3726 χρίσας
1069 3639 1202 3725 ἑαυτίνς
1233 3644 1322 3709 etin

185 3763 254 3827 arg.
277 3743 310 3806 ΙΙ
331 3740 482 3825 legimus:
518 3789 525 3806 .
547 3791 554 3808 .
576 3792 583 3808 .
610 3743 855 3832 Ἀριστοφάνης
881 3747 1015 3826 καθίησι
1037 3745 1075 3809 τὸ
1097 3749 1161 3810 τάν
1182 3745 1322 3811 Ἱππέων

183 3848 292 3933 δρᾶμα
319 3845 368 3908 δι’
396 3845 507 3932 αὑτοῦ,
536 3847 606 3912 ἐπεὶ
636 3853 699 3913 τῶν
729 3852 930 3912 σκευοποιῶν
959 3847 1066 3922 οὐδεὶς
1095 3847 1262 3914 ἐπλάσατο
1285 3852 1322 3914 τὸ

184 3955 243 4016 τοῦ
264 3949 412 4025 Κλέωνος
441 3951 623 4038 πρόσωπον
650 3952 707 4016 διὰ
730 3952 851 4037 φόβας
879 3957 977 4034 atque
1000 3952 1116 4018 similia
1139 3958 1267 4019 exstant
1289 3954 1323 4019 in

183 4054 268 4121 Vita.
315 4053 377 4132 Qui
400 4053 449 4120 his
471 4055 567 4122 fidem
589 4056 740 4140 tribuunt,
765 4061 898 4122 taceant
918 4055 1027 4122 malim
1050 4055 1092 4121 de
1115 4057 1248 4139 antiqua
1271 4064 1344 4124 oo-'

183 4157 335 4224 moadia·
367 4159 456 4224 Bene
479 4158 625 4226 Koekius
646 4159 679 4224 in
702 4158 843 4226 editione
867 4159 911 4253 ad
932 4179 978 4224 vs.
995 4161 1073 4224 230:
1110 4160 1196 4244 „Aus
1216 4160 1323 4228 dieser

184 4262 295 4348 Stella,
325 4261 439 4346 inquit,
467 4261 509 4328 ist
537 4262 642 4329 nichts
670 4284 709 4328 zu
735 4263 918 4346 schlielssn,
950 4265 999 4328 als
1022 4262 1098 4328 dass
1121 4263 1178 4328 der
1201 4265 1323 4333 Schau-

184 4366 312 4451 spieler,
342 4366 400 4434 der
423 4364 487 4434 den
510 4366 615 4432 Kleon
638 4366 763 4451 spielte,
791 4365 888 4432 keine
911 4365 1185 4450 portrttttthnliohe
1207 4369 1323 4436 Maske

184 4471 287 4553 trug.“
345 4472 447 4555 Apte,
487 4476 522 4535 ut
555 4468 681 4554 opinor,
722 4475 822 4554 poeta
862 4470 945 4536 haee
977 4471 1078 4538 verba
1111 4471 1152 4536 de
1186 4493 1324 4557 persona
