3167 4992
734 329 943 392 „15-

274 511 309 574 δὲ
329 510 521 598 Εὐριπίδην,
545 515 581 586 δς
602 511 733 591 ἐδίδαξε
755 520 814 579 τοῦ
837 516 961 600 πατρὸς
982 516 1051 578 ἔνια
1067 515 1230 600 δράματα,
1254 515 1295 579 cs.
1313 515 1409 580 etiam

271 615 369 681 schol.
394 615 437 691 ad
459 616 513 681 Ar.
536 617 618 683 Rau.
640 638 686 684 vs.
703 620 754 704 67,
780 640 974 702 quamquam
996 618 1152 684 hocloco
1176 619 1217 684 dc
1232 619 1409 703 tragoediis

271 725 364 803 patre
384 725 506 784 mortuo
522 740 542 786 a
558 720 622 787 filio
639 722 743 788 doctis
759 723 881 805 agitur:
906 726 989 786 οὕτω
1005 723 1066 809 γὰρ
1083 723 1135 785 καί
1151 719 1186 784 αἱ
1202 723 1409 786 διδασκαλίαι

272 826 418 910 φέρουσι,
441 823 687 910 τελευτήσαντος
709 827 896 916 Εὐριπίδου
919 828 976 891 τὸν
996 824 1068 892 υἱὸν
1082 828 1185 891 αὐτοῦ
1201 826 1410 910 δεδιδαχέναι

271 926 443 1010 ὁμώνυμον
475 926 509 992 ἓν
542 930 628 992 ἄστει
661 930 850 1013 Ἰφιγένειαν
878 931 936 1015 τὴν
964 929 999 993 ἓν
1029 930 1163 1004 Αὐλίδι,
1197 929 1406 1010 Ἀλκμαίωνα,

271 1029 419 1111 Βάκχαςε
443 1053 518 1096 nam
539 1031 599 1096 has
623 1053 749 1114 qnoque
773 1053 830 1098 suo
852 1032 979 1097 nomine
1002 1032 1100 1109 filium
1123 1032 1317 1098 commisisse
1332 1033 1410 1096 mihi

272 1134 402 1218 quidem
427 1155 615 1219 persuasum
642 1142 699 1201 est.
745 1137 860 1218 Itaque
883 1135 915 1199 hi
939 1155 1049 1200 omnes
1071 1135 1199 1201 fabulas
1222 1135 1407 1217 docuerunt,

272 1239 365 1321 quasi
392 1259 470 1304 suae
498 1245 614 1322 essent,
643 1246 675 1304 et
704 1260 724 1304 a
752 1240 871 1324 populo
898 1244 1046 1304 auctores
1069 1260 1179 1305 carum
1200 1237 1303 1304 habiti
1325 1243 1407 1303 sunt.

271 1341 327 1407 Sic
359 1362 410 1407 res
430 1341 512 1410 ,sine
543 1341 640 1407 dubio
668 1341 766 1407 etiam
796 1342 829 1405 in
858 1341 930 1407 aliis
957 1361 992 1407 se
1022 1342 1136 1407 habuit
1163 1362 1267 1424 neque
1290 1341 1409 1406 nonin

272 1446 455 1512 Callistrato
479 1452 512 1511 et
533 1445 712 1530 Philonide,
742 1445 932 1530 pracsertim
955 1446 1160 1511 cnmhorum
1182 1452 1315 1528 uterque
1338 1445 1408 1530 ipse

271 1556 369 1634 poeta
392 1554 477 1614 esset
500 1555 533 1613 ct
555 1550 702 1632 proprias
726 1570 852 1633 quoqne
877 1550 1061 1616 comoedias
1085 1550 1257 1631 doceretl).

357 1653 399 1716 At
432 1651 650 1736 imprudenter
672 1652 905 1737 Aristophanes
934 1654 1062 1720 videtur
1088 1654 1214 1738 secisse,
1250 1675 1321 1718 cum
1351 1674 1408 1738 pro

272 1757 406 1823 aliorum
438 1755 541 1838 gloria
568 1776 700 1839 operam
732 1757 898 1841 perderet,
933 1779 1037 1840 neque
1067 1757 1237 1822 defuerunt
1263 1756 1408 1839 Athenis,

271 1861 325 1945 qui
347 1861 432 1925 hanc
454 1861 495 1926 ob
519 1880 586 1925 rem
607 1859 641 1923 in
664 1860 839 1926 comoediis
862 1881 933 1926 eum
956 1860 1158 1926 ludificarent
1181 1865 1213 1925 ct
1228 1858 1407 1924 irriderent.

271 1964 425 2046 Legimus
452 1963 536 2028 enim
563 1961 647 2028 haec
674 1963 706 2028 in
730 1962 805 2028 Vita
827 1962 940 2028 Arist:
976 1963 1113 2048 εδλαβὴς
1140 1963 1177 2026 δὲ
1200 1961 1331 2047 σφόδρα
1353 1985 1408 2041 γε-

239 2131 242 2138 ,
271 2068 406 2150 νόμενος
436 2067 492 2153 τὴν
521 2067 623 2152 ἀρχὴν
651 2066 756 2140 ἄλλως
786 2091 819 2130 τε
848 2068 901 2130 καὶ
931 2054 1052 2152 εδφυὴς
1073 2065 1194 2149 τὰμὲν
1216 2070 1331 2152 πρῶτα
1354 2065 1411 2127 διὰ

271 2171 513 2259 Καλλιστράτου
530 2172 583 2232 καὶ
604 2169 787 2234 Φιλωνίδου
805 2174 914 2233 καθίει
928 2170 1088 2256 δράματα.
1113 2169 1229 2233 διὸκαὶ
1243 2171 1410 2232 ἔσκωπτον

271 2276 372 2340 αδτδν
392 2275 617 2363 Ἀριστώνυμός
640 2299 673 2336 τε
695 2275 748 2336 καὶ
767 2275 952 2359 Ἀμειψίας,
977 2273 1103 2359 τετράδι
1126 2273 1271 2352 λέγοντες
1295 2272 1410 2354 (αὐτὸν

273 2378 425 2447 Gelenius
447 2377 537 2461 add.)
561 2380 739 2456 γεγονέναι,
763 2377 846 2438 κατὰ
868 2377 924 2461 τὴν
947 2380 1140 2461 παροιμίαν,
1168 2374 1225 2459 (ὥς
1247 2376 1290 2441 ἰδ.
1315 2375 1406 2458 add.)

272 2482 383 2555 ἄλλοις
410 2484 595 2562 πονοῦντας
625 2486 658 2544 et
686 2479 802 2544 similia
832 2480 921 2564 apud
948 2480 1047 2545 schol.
1071 2480 1179 2546 Clark.
1208 2480 1291 2544 Plat.
1315 2480 1408 2563 Apol.

272 2608 349 2671 pag.
366 2587 407 2651 19
423 2586 465 2651 O:
499 2584 737 2669 Ἀριστώνυμος
761 2584 790 2648 δ’
815 2584 849 2648 ἓν
871 2584 968 2670 Ἡλίῳ
991 2584 1134 2670 ῥιγοῦντι
1154 2584 1207 2646 καί
1223 2587 1410 2668 Σαννυρίων

272 2690 307 2754 ἐν
322 2688 439 2752 Γέλωτι
462 2687 589 2774 τετράδι
614 2689 715 2772 ccclv
737 2688 846 2752 αὐτὸν
860 2691 1025 2767 γενέσθαι,
1051 2687 1134 2750 διότι
1157 2687 1214 2751 τὸν
1234 2690 1308 2769 βίον
1329 2710 1409 2748 κατ-
1492 2728 1497 2738 ·

272 2797 399 2877 ἑτριφεν
425 2790 543 2878 ἑτέροις
566 2795 694 2856 πονῶν·
725 2788 755 2854 οἳ
778 2794 839 2877 γὰρ
863 2791 991 2877 τετράδι
1013 2792 1206 2873 γεννώμενοι
1232 2795 1410 2864 πονοῦντες

273 2896 383 2970 ἄλλοις
405 2898 618 2982 καρποῦσθαι
639 2898 850 2980 παρέχουσιν,
874 2895 917 2969 ὥς
932 2895 985 2957 καί
1006 2893 1182 2980 Φιλόχορος
1197 2894 1232 2958 ἕν
1247 2899 1284 2981 τῇ
1299 2893 1409 2980 πρώτῃ

273 3000 347 3085 περὶ
370 2999 494 3085 ἡμερῶν
517 2995 643 3084 ἱστορεῖ.
680 2999 779 3084 ταύτῃ
804 2997 914 3061 δὲκαὶ
937 2997 1077 3083 Ἡρακλῆ
1100 3000 1180 3081 φασὶ
1203 3000 1409 3081 γεννηθῆναι.

273 3105 410 3187 Acerhe,
444 3104 592 3186 Hercule,
628 3102 714 3184 quod
747 3109 802 3167 tuo
829 3124 916 3167 more
943 3123 1001 3187 pro
1030 3101 1101 3166 aliis
1128 3102 1256 3166 labores
1279 3100 1408 3183 subiret,

273 3208 423 3293 princeps
447 3208 638 3272 comicorum
660 3207 702 3271 ah
725 3206 774 3272 his
797 3207 920 3291 pusillis
941 3205 1121 3271 hominibus
1144 3205 1330 3290 perstrictus
1350 3213 1407 3269 est.

274 3312 357 3389 Quin
380 3311 477 3376 etiarn
498 3329 634 3392 magnus
657 3311 749 3375 Plato
773 3309 928 3374 similibus
951 3308 1208 3374 cavillationibus
1230 3309 1261 3374 in
1287 3327 1409 3373 comoe-

274 3415 335 3480 diis
368 3414 432 3480 suis
460 3420 590 3498 poetam
620 3415 780 3480 aemulum
810 3413 994 3496 exagitasse
1024 3413 1193 3494 videtur2).
1244 3411 1311 3478 Sed
1333 3411 1410 3494 quid

274 3517 404 3582 tandem
426 3516 509 3581 tales
532 3515 667 3580 iniuriae
690 3514 875 3599 valuissent,
900 3515 926 3579 si
948 3515 1024 3580 inde
1048 3515 1205 3599 aprimae
1222 3514 1409 3580 comoediae

273 3626 416 3704 tempore
438 3618 687 3702 Aristophanem
702 3619 926 3702 Daetalenses,
950 3619 1157 3703 Babylonios,
1180 3619 1262 3684 alias
1281 3618 1410 3682 fabulas

273 3723 437 3807 scripsisse
461 3721 527 3786 iam
548 3741 641 3785 nemo
664 3721 875 3786 nescivisset?
921 3719 1023 3797 Quem
1045 3721 1205 3785 adfinem
1227 3726 1293 3785 tam
1315 3720 1410 3785 vehe-

273 3833 395 3892 menter
422 3826 468 3888 illi
491 3825 523 3888 in
545 3831 676 3908 poetam
702 3825 821 3890 invecti
852 3826 983 3890 essent?
1027 3823 1105 3901 Quis
1128 3824 1207 3888 talia
1228 3823 1410 3906 intelligere

273 3930 400 4015 potuit?
444 3930 557 3996 Nonne
591 3929 765 3994 timendum
799 3934 882 4011 crat,
916 3948 956 3993 ne
990 3927 1051 4012 ipsi
1085 3926 1303 4011 irriderentur,
1338 3947 1411 3991 cum

275 4054 481 4064 —oe—

347 4101 365 4169 ¹)
388 4103 433 4155 De
457 4100 564 4154 fabulis
588 4101 682 4155 alieno
706 4102 821 4154 nomine
847 4090 1003 4155 commissis
1021 4100 1088 4156 vide
1106 4100 1221 4154 omnino
1240 4099 1411 4170 Wolfgangi

273 4187 381 4257 Helhig
399 4187 516 4251 Quaest.
535 4203 630 4240 scaen.
649 4187 715 4240 diss.
734 4186 835 4256 philol.
864 4187 983 4240 Bonnac
1004 4186 1078 4241 1861.

344 4273 365 4341 ²)
390 4274 425 4327 cf.
451 4272 530 4328 Suid.
554 4290 575 4326 s.
595 4292 621 4329 v.
643 4271 775 4342 Ἀρκάδας
796 4276 966 4343 μιμούμενοι
985 4273 1050 4327 coll.
1070 4272 1169 4327 Cobet.
1199 4273 1280 4328 Obss.
1299 4274 1361 4327 crit.
1380 4275 1410 4327 in

247 4360 350 4415 .Plat.
378 4377 449 4414 corn.
476 4360 537 4414 rell.
565 4358 663 4429 p.104
686 4378 747 4430 sqq.
772 4367 801 4415 ct
824 4361 859 4414 Η.
877 4361 990 4415 Liibkc.
1023 4361 1104 4415 Obss.
1129 4361 1192 4415 crit.
1216 4362 1245 4414 in
1267 4361 1333 4415 hist.
1352 4368 1410 4418 vet.

275 4447 378 4504 Gracc.
397 4465 467 4501 com.
487 4447 552 4500 diss.
572 4447 666 4516 inaug.
696 4447 791 4514 Berpl.
814 4449 887 4502 1883.
914 4466 942 4517 p.
961 4448 1072 4503 51-53.
