3167 4992
711 339 925 404 ..52-

252 551 324 594 cum
354 529 473 594 Oleone
501 548 617 612 pacem
646 527 792 611 quamvis
819 527 968 591 ὕπουλον
996 527 1136 610 fecisset,
1166 527 1199 591 in
1221 526 1387 592 Socratem

251 639 393 698 verterat
414 628 528 715 neque'
542 633 660 717 populo
684 633 889 717 probaverat.
923 632 999 715 Sed,
1023 638 1058 696 ut
1081 632 1157 715 dixi,
1180 652 1243 696 non
1266 651 1386 716 premo,

252 736 338 817 quod
366 734 597 819 Aristophanes
624 734 785 799 Philonidi
816 748 943 817 quoque
973 735 1072 800 semel
1102 735 1237 801 cessisse
1261 734 1386 819 dicitur,

201 915 202 918 Ἴ
230 867 233 874 ·
251 839 441 924 praesertim
463 858 534 903 cum
549 837 762 903 Athenienses
784 838 817 902 in
837 838 1011 903 iudicando
1026 845 1061 902 ut
1076 858 1198 903 summa
1213 837 1386 904 severitate

250 943 296 1007 ita
315 943 433 1026 insigni
449 942 590 1025 quadam
604 941 738 1007 levitate
753 963 817 1006 non
832 961 1006 1022 numquam
1020 942 1069 1006 usi
1084 942 1156 1026 sint,
1180 943 1387 1025 quamobrem

210 1127 211 1130 Ἴ
250 1048 345 1128 longe
361 1045 528 1111 inferiores
543 1051 667 1129 poetas,
688 1051 724 1110 ut
738 1044 872 1128 Bergkii
888 1044 994 1110 verbis
1009 1051 1081 1109 utar
1104 1049 1169 1129 (ap.
1182 1045 1277 1110 Mein.
1294 1044 1332 1110 fr.
1345 1045 1385 1110 Π.

249 1171 326 1235 pag.
348 1151 434 1233 305),
464 1149 653 1239 saepissime
681 1169 802 1214 summo
825 1149 946 1214 honore
969 1149 1084 1230 dignos
1106 1149 1265 1214 iudicatos
1288 1149 1386 1214 luisse

190 1283 198 1298 ·
249 1253 401 1338 reperies.
446 1252 544 1334 Atqui
566 1273 724 1334 nusquam
746 1251 884 1318 occurrit
905 1252 1083 1334 Proagonis
1106 1252 1293 1318 comoediae
1314 1252 1386 1317 Phi-

249 1356 399 1422 lonideae
422 1357 519 1421 ullum
538 1356 719 1438 vestigium,
744 1352 937 1438 quamquam
954 1355 1072 1420 Suidas
1088 1357 1266 1441 complures
1281 1354 1386 1421 Philo-

249 1460 332 1525 nidis
344 1459 473 1524 fabulas
484 1458 661 1525 nominavit
673 1459 792 1541 aliique
804 1479 917 1524 versus
929 1459 1181 1543 exscripserunt,
1198 1459 1385 1544 saepissime

249 1584 326 1630 vero
359 1563 507 1646 leguntur
540 1582 651 1628 versus
681 1561 860 1645 Proagonis
876 1560 1024 1627 -fabulae
1052 1561 1319 1646 Aristophaneus,
1353 1568 1386 1627 et

250 1666 440 1734 scholiastes
468 1686 594 1748 quoque
618 1665 661 1730 ad
684 1666 780 1749 Vesp.
805 1685 851 1731 vs.
875 1667 914 1731 61
940 1667 1142 1748 Proagonem
1163 1666 1386 1750 Aristophanis

251 1769 452 1836 comoediam
467 1769 566 1835 fuisse
581 1775 731 1834 testatur:
756 1769 795 1832 οὐ
817 1769 921 1852 μόνον
943 1768 979 1832 δὲ
1001 1768 1035 1834 ἐν
1057 1769 1159 1854 τούτῳ
1182 1775 1227 1854 τῷ
1246 1769 1386 1852 δράματι

251 1877 307 1956 (sc.
337 1873 372 1938 ἐν
389 1883 468 1947 ,ταῖς
488 1863 857 1958 Θεσμοφοριαζούσαις)
891 1874 1030 1956 εἰσῆκται
1060 1875 1162 1946 οὕτως
1191 1873 1384 1959 Εὐριπίδης,

250 1976 333 2039 ἀλλὰ
365 1977 418 2039 καὶ
451 1975 486 2039 ἓν
514 1980 558 2060 uqi
585 1975 760 2061 Προάγωνι
787 1977 840 2037 καὶ
871 1975 905 2039 ἕν
934 1985 1000 2048 τοῖς
1031 1976 1249 2062 {imprecata
1294 1977 1385 2054 Quae

239 2091 322 2149 scum
345 2080 391 2144 ita
414 2079 485 2162 sint,
513 2078 925 2161 PhilonidesProagonem
946 2079 1073 2144 videtur
1094 2100 1266 2162 numquam
1287 2081 1385 2164 scrip-

250 2184 339 2267 sisse,
364 2183 453 2248 illam
475 2182 583 2266 potius
606 2203 677 2248 esse
701 2183 844 2248 fabulam
859 2181 1084 2270 Aristophanis
1106 2183 1174 2248 veri
1195 2183 1385 2248 simillimum

250 2292 309 2371 est,
334 2307 429 2370 quam
453 2285 670 2351 coniecturam
692 2277 803 2350 veram
826 2306 897 2351 esse
920 2285 996 2349 mihi
1019 2286 1174 2369 persuasi.

334 2390 448 2472 Neque
471 2394 580 2453 tamen
604 2388 776 2470 quiequam
799 2388 972 2471 effecimus,
997 2408 1059 2470 quo
1074 2409 1197 2454 sumnia
1213 2389 1385 2455 difficultas

249 2494 378 2576 tollitur,
403 2513 486 2574 quae
509 2493 590 2557 latet
613 2492 646 2558 in
669 2513 717 2576 eo,
742 2491 829 2574 quod
850 2512 931 2558 uuus
946 2491 1131 2558 Philonides
1150 2493 1235 2558 duas
1257 2492 1385 2559 fabulas

249 2619 306 2663 suo
329 2596 456 2660 nomine
480 2595 627 2661 docuisse
644 2595 789 2661 traditur.
820 2596 904 2663 Num
919 2596 1087 2662 credamus
1103 2598 1290 2662 archontem
1305 2598 1384 2664 duos

250 2701 363 2767 choros
386 2699 416 2764 ei
440 2699 579 2781 dedisse,
603 2718 675 2763 cum
698 2699 754 2764 alii
769 2705 887 2783 poetae
902 2700 1063 2784 repulsam
1079 2700 1220 2766 ferrent?
1243 2701 1286 2766 At
1301 2701 1384 2766 enim

249 2805 334 2869 nullo
362 2803 457 2868 modo
486 2802 520 2867 id
542 2801 611 2866 fieri
633 2802 736 2886 potuit
760 2803 869 2884 quinto
893 2803 1022 2885 quidem
1044 2805 1183 2888 saeculo,
1213 2825 1274 2886 quo
1297 2826 1383 2870 more

249 2902 462 2989 institutoque
481 2905 572 2988 quasi
592 2906 666 2988 lege
683 2911 829 2971 sanctum
844 2912 923 2990 erat,
946 2927 987 2971 ne
1004 2907 1075 2988 quis
1091 2907 1171 2972 duas
1186 2928 1243 2972 suo
1257 2909 1383 2974 nomine

250 3009 434 3076 comoedias
473 3009 574 3075 daret.
639 3008 841 3092 Quamquam
876 3016 989 3092 quarto
1023 3013 1153 3076 saeculo
1186 3011 1221 3075 id
1256 3011 1383 3077 licuisse

250 3114 470 3198 cognoscimus
504 3134 544 3178 ex
578 3119 780 3178 monumento
816 3113 1025 3197 didascalico,
1060 3114 1091 3177 in
1122 3134 1184 3196 quo
1206 3114 1383 3180 Diodorum

250 3217 410 3300 quendam
426 3216 566 3281 Diotimo
590 3216 754 3300 archonte,
779 3216 833 3298 qui
855 3215 916 3281 fuit
938 3237 1040 3281 annus
1062 3218 1102 3282 ol.
1126 3219 1230 3301 106,3
1253 3219 1305 3282 vel
1320 3219 1383 3283 353
1455 3221 1458 3225 ’

249 3341 278 3386 a.
304 3320 360 3386 Oh.
384 3342 425 3402 n,
461 3319 542 3384 duas
569 3319 662 3383 simul
690 3318 876 3384 comoedias
904 3319 1056 3387 docuisse'
1079 3320 1215 3402 legimus
1238 3321 1285 3402 (G.
1302 3322 1327 3385 I.
1344 3322 1381 3385 A.

248 3425 288 3489 II.
306 3426 335 3508 2,
359 3444 404 3487 nr.
423 3422 500 3505 9723
524 3421 565 3486 cf.
583 3441 659 3506 pag.
677 3423 706 3504 3,
730 3421 785 3486 uhi
807 3421 870 3487 hoc
884 3429 1119 3488 monumentum
1135 3423 1382 3508 exscripsimus).

247 3528 362 3607 Itaque
396 3524 480 3588 aliae
510 3524 602 3606 leges
629 3524 798 3589 valuerunt
825 3525 955 3589 saeculo
987 3525 1110 3609 quinto,
1145 3527 1230 3592 aliae
1259 3532 1382 3610 quarto,

184 3690 187 3695 .
248 3630 337 3694 velut
359 3627 457 3692 etiarn
480 3623 620 3709 quinque
643 3633 757 3711 poetas
778 3633 892 3708 quarto
908 3629 1038 3693 saecrdo
1054 3635 1206 3712 certasse,
1229 3651 1293 3694 non
1307 3636 1381 3713 tres,

249 3738 445 3815 compertum
472 3731 627 3796 hahemus
656 3751 697 3795 ex
726 3730 821 3795 Arist.
845 3731 927 3796 Plut.
957 3752 1025 3814 arg.
1048 3732 1093 3796 IV
1121 3739 1154 3797 et
1183 3754 1225 3797 ex
1247 3733 1383 3816 publicis
1412 3813 1415 3818 ,

247 3834 467 3900 monumentis.
498 3834 611 3916 Neque
631 3833 728 3916 igitur
744 3833 853 3915 quinto
870 3836 1000 3898 saeculo
1015 3835 1200 3900 Philonides
1215 3842 1382 3918 utramque

248 3939 457 4022 comoediam,
474 3938 599 4021 Vespas
615 3944 647 4002 et
663 3939 873 4020 Proagonem,
891 3937 1012 4004 eisdem
1027 3939 1168 4004 Lenaeis
1183 3940 1216 4004 in
1230 3955 1382 4005 scaenam

247 4041 381 4107 induxit.
427 4041 488 4107 Hic
510 4040 624 4106 haeret
646 4060 741 4122 aqua.

335 4145 422 4222 Quas
446 4143 612 4226 angustias
636 4148 669 4207 ut
692 4149 890 4227 superarent,
921 4143 1057 4228 fuerunt,
1082 4145 1136 4227 qui
1158 4145 1283 4230 Vespas
1307 4144 1382 4210 Dio·

247 4247 346 4332 nysiis
379 4247 505 4329 magnis
538 4247 730 4329 tribuerent,
765 4247 861 4335 velut
887 4247 984 4312 Iulius
1011 4248 1143 4312 Richter
1176 4249 1208 4312 in
1241 4248 1382 4314 editione

251 4352 434 4432 Vesparum.
459 4351 563 4415 Berol.
582 4351 674 4415 1858.
705 4350 819 4431 Neque
843 4356 950 4415 tamen
972 4349 1056 4415 hanc
1077 4351 1233 4416 rationem
1248 4351 1383 4417 laudare

246 4472 384 4538 possum,
416 4472 488 4516 cum
515 4451 706 4534 didascalia,
738 4472 934 4533 quamquam
960 4454 1110 4518 mendum
1139 4454 1272 4537 aliquod
1295 4462 1382 4522 certe
