<?xml version="1.0" encoding="UTF-8"?>
<!DOCTYPE html PUBLIC "-//W3C//DTD XHTML 1.0 Transitional//EN"
    "http://www.w3.org/TR/xhtml1/DTD/xhtml1-transitional.dtd">
<html xmlns="http://www.w3.org/1999/xhtml" xml:lang="en" lang="en">
 <head>
  <title>
</title>
<meta http-equiv="Content-Type" content="text/html;charset=utf-8" />
  <meta name='ocr-system' content='tesseract 3.04.00' />
  <meta name='ocr-capabilities' content='ocr_page ocr_carea ocr_par ocr_line ocrx_word'/>
</head>
<body>
  <div class='ocr_page' id='page_1' title='image "./decallistratoet01briegoog_0026.png"; bbox 0 0 3167 4992; ppageno 0'>
   <div class='ocr_carea' id='block_1_1' title="bbox 709 260 990 345">
    <p class='ocr_par' dir='ltr' id='par_1_1' title="bbox 709 260 990 345">
     <span class='ocr_line' id='line_1_1' title="bbox 709 260 990 345; baseline 0.004 -1"><span class='ocrx_word' id='word_1_1' title='bbox 709 260 990 345; x_wconf 49' lang='lat' dir='ltr'><strong>-rsa</strong></span> 
     </span>
    </p>
   </div>
   <div class='ocr_carea' id='block_1_2' title="bbox 170 466 1458 4486">
    <p class='ocr_par' dir='ltr' id='par_1_2' title="bbox 226 466 1458 1586">
     <span class='ocr_line' id='line_1_2' title="bbox 245 466 1382 553; baseline -0.001 -21"><span class='ocrx_word' id='word_1_2' title='bbox 245 467 271 532; x_wconf 93' lang='lat' dir='ltr'><strong>si</strong></span> <span class='ocrx_word' id='word_1_3' title='bbox 300 468 333 532; x_wconf 89' lang='lat' dir='ltr'><strong>in</strong></span> <span class='ocrx_word' id='word_1_4' title='bbox 363 467 501 553; x_wconf 87' lang='lat' dir='ltr'><strong>puhhcis</strong></span> <span class='ocrx_word' id='word_1_5' title='bbox 532 467 719 532; x_wconf 90' lang='lat' dir='ltr'><strong>didascaliis</strong></span> <span class='ocrx_word' id='word_1_6' title='bbox 742 467 934 532; x_wconf 89' lang='lat' dir='ltr'><strong>vicariorum</strong></span> <span class='ocrx_word' id='word_1_7' title='bbox 956 468 1085 532; x_wconf 88' lang='lat' dir='ltr'><strong>nomina</strong></span> <span class='ocrx_word' id='word_1_8' title='bbox 1107 466 1203 532; x_wconf 79' lang='lat' dir='ltr'><strong>scribi</strong></span> <span class='ocrx_word' id='word_1_9' title='bbox 1226 469 1382 551; x_wconf 90' lang='lat' dir='ltr'><strong>solebant,</strong></span> 
     </span>
     <span class='ocr_line' id='line_1_3' title="bbox 241 570 1383 656; baseline 0 -20"><span class='ocrx_word' id='word_1_10' title='bbox 241 571 342 637; x_wconf 89' lang='lat' dir='ltr'><strong>etiarn</strong></span> <span class='ocrx_word' id='word_1_11' title='bbox 363 570 501 656; x_wconf 90' lang='lat' dir='ltr'><strong>publicis</strong></span> <span class='ocrx_word' id='word_1_12' title='bbox 523 571 734 636; x_wconf 82' lang='lat' dir='ltr'><strong>monumentis</strong></span> <span class='ocrx_word' id='word_1_13' title='bbox 755 570 868 637; x_wconf 91' lang='lat' dir='ltr'><strong>horum</strong></span> <span class='ocrx_word' id='word_1_14' title='bbox 889 571 1020 636; x_wconf 91' lang='lat' dir='ltr'><strong>nomina</strong></span> <span class='ocrx_word' id='word_1_15' title='bbox 1041 571 1202 655; x_wconf 90' lang='lat' dir='ltr'><strong>insculpta</strong></span> <span class='ocrx_word' id='word_1_16' title='bbox 1225 592 1295 636; x_wconf 89' lang='lat' dir='ltr'><strong>esse</strong></span> <span class='ocrx_word' id='word_1_17' title='bbox 1312 593 1383 636; x_wconf 92' lang='lat' dir='ltr'><strong>con-</strong></span> 
     </span>
     <span class='ocr_line' id='line_1_4' title="bbox 242 673 1383 760; baseline -0.002 -21"><span class='ocrx_word' id='word_1_18' title='bbox 242 673 329 740; x_wconf 91' lang='lat' dir='ltr'><strong>icere</strong></span> <span class='ocrx_word' id='word_1_19' title='bbox 360 697 424 741; x_wconf 89' lang='lat' dir='ltr'><strong>non</strong></span> <span class='ocrx_word' id='word_1_20' title='bbox 459 681 508 740; x_wconf 88' lang='lat' dir='ltr'><strong>est</strong></span> <span class='ocrx_word' id='word_1_21' title='bbox 538 674 707 740; x_wconf 91' lang='lat' dir='ltr'><strong>audaciae.</strong></span> <span class='ocrx_word' id='word_1_22' title='bbox 764 675 872 740; x_wconf 86' lang='lat' dir='ltr'><strong>Etiam</strong></span> <span class='ocrx_word' id='word_1_23' title='bbox 905 674 1043 759; x_wconf 90' lang='lat' dir='ltr'><strong>pretium</strong></span> <span class='ocrx_word' id='word_1_24' title='bbox 1068 675 1231 760; x_wconf 87' lang='lat' dir='ltr'><strong>pubhcum</strong></span> <span class='ocrx_word' id='word_1_25' title='bbox 1263 674 1383 740; x_wconf 87' lang='lat' dir='ltr'><strong>vicario</strong></span> 
     </span>
     <span class='ocr_line' id='line_1_5' title="bbox 243 778 1383 864; baseline 0 -22"><span class='ocrx_word' id='word_1_26' title='bbox 243 779 380 843; x_wconf 90' lang='lat' dir='ltr'><strong>solutum</strong></span> <span class='ocrx_word' id='word_1_27' title='bbox 405 798 475 844; x_wconf 88' lang='lat' dir='ltr'><strong>esse</strong></span> <span class='ocrx_word' id='word_1_28' title='bbox 492 788 742 844; x_wconf 87' lang='lat' dir='ltr'><strong>consentaneum</strong></span> <span class='ocrx_word' id='word_1_29' title='bbox 758 786 816 845; x_wconf 90' lang='lat' dir='ltr'><strong>cst.</strong></span> <span class='ocrx_word' id='word_1_30' title='bbox 851 778 910 844; x_wconf 92' lang='lat' dir='ltr'><strong>His</strong></span> <span class='ocrx_word' id='word_1_31' title='bbox 926 779 1110 864; x_wconf 89' lang='lat' dir='ltr'><strong>commodis,</strong></span> <span class='ocrx_word' id='word_1_32' title='bbox 1135 799 1218 861; x_wconf 92' lang='lat' dir='ltr'><strong>quae</strong></span> <span class='ocrx_word' id='word_1_33' title='bbox 1235 779 1383 862; x_wconf 80' lang='lat' dir='ltr'>cedebat,</span> 
     </span>
     <span class='ocr_line' id='line_1_6' title="bbox 243 881 1382 967; baseline 0 -21"><span class='ocrx_word' id='word_1_34' title='bbox 243 902 375 965; x_wconf 83' lang='lat' dir='ltr'><strong>operam</strong></span> <span class='ocrx_word' id='word_1_35' title='bbox 409 881 555 964; x_wconf 80' lang='lat' dir='ltr'><strong>magistri</strong></span> <span class='ocrx_word' id='word_1_36' title='bbox 590 881 703 948; x_wconf 89' lang='lat' dir='ltr'><strong>vicarii</strong></span> <span class='ocrx_word' id='word_1_37' title='bbox 737 902 832 948; x_wconf 83' lang='lat' dir='ltr'><strong>verus</strong></span> <span class='ocrx_word' id='word_1_38' title='bbox 866 889 964 967; x_wconf 84' lang='lat' dir='ltr'><strong>poeta</strong></span> <span class='ocrx_word' id='word_1_39' title='bbox 991 882 1118 947; x_wconf 85' lang='lat' dir='ltr'><strong>videtur</strong></span> <span class='ocrx_word' id='word_1_40' title='bbox 1148 903 1382 967; x_wconf 82' lang='lat' dir='ltr'><strong>compensasse.</strong></span> 
     </span>
     <span class='ocr_line' id='line_1_7' title="bbox 226 977 1383 1076; baseline 0.002 -27"><span class='ocrx_word' id='word_1_41' title='bbox 226 1019 229 1028; x_wconf 89' lang='lat'><em>·</em></span> <span class='ocrx_word' id='word_1_42' title='bbox 244 983 335 1060; x_wconf 78' lang='lat' dir='ltr'><strong>Quae</strong></span> <span class='ocrx_word' id='word_1_43' title='bbox 352 977 633 1067; x_wconf 79' lang='lat' dir='ltr'><strong>quantulicumque</strong></span> <span class='ocrx_word' id='word_1_44' title='bbox 650 985 742 1065; x_wconf 83' lang='lat' dir='ltr'><strong>facis,</strong></span> <span class='ocrx_word' id='word_1_45' title='bbox 766 1007 919 1068; x_wconf 85' lang='lat' dir='ltr'><strong>magnum</strong></span> <span class='ocrx_word' id='word_1_46' title='bbox 933 1005 995 1050; x_wconf 87' lang='lat' dir='ltr'><strong>nec</strong></span> <span class='ocrx_word' id='word_1_47' title='bbox 1010 986 1225 1069; x_wconf 87' lang='lat' dir='ltr'><strong>spernendum</strong></span> <span class='ocrx_word' id='word_1_48' title='bbox 1240 987 1383 1076; x_wconf 76' lang='lat' dir='ltr'><strong>lahorem</strong></span> 
     </span>
     <span class='ocr_line' id='line_1_8' title="bbox 244 1087 1458 1172; baseline 0.001 -20"><span class='ocrx_word' id='word_1_49' title='bbox 244 1087 332 1153; x_wconf 90' lang='lat' dir='ltr'><strong>chori</strong></span> <span class='ocrx_word' id='word_1_50' title='bbox 366 1089 520 1172; x_wconf 80' lang='lat' dir='ltr'><strong>magister</strong></span> <span class='ocrx_word' id='word_1_51' title='bbox 547 1089 615 1154; x_wconf 91' lang='lat' dir='ltr'><strong>sine</strong></span> <span class='ocrx_word' id='word_1_52' title='bbox 644 1089 741 1154; x_wconf 91' lang='lat' dir='ltr'><strong>dubio</strong></span> <span class='ocrx_word' id='word_1_53' title='bbox 769 1089 920 1172; x_wconf 76' lang='lat' dir='ltr'><strong>suscepit,</strong></span> <span class='ocrx_word' id='word_1_54' title='bbox 954 1090 1149 1171; x_wconf 91' lang='lat' dir='ltr'><strong>multumque</strong></span> <span class='ocrx_word' id='word_1_55' title='bbox 1172 1089 1319 1154; x_wconf 86' lang='lat' dir='ltr'><strong>fecerunt</strong></span> <span class='ocrx_word' id='word_1_56' title='bbox 1340 1089 1384 1153; x_wconf 90' lang='lat' dir='ltr'><strong>ad</strong></span> <span class='ocrx_word' id='word_1_57' title='bbox 1455 1099 1458 1102; x_wconf 82' lang='grc'><strong>’</strong></span> 
     </span>
     <span class='ocr_line' id='line_1_9' title="bbox 241 1191 1382 1275; baseline -0.004 -17"><span class='ocrx_word' id='word_1_58' title='bbox 241 1192 359 1258; x_wconf 88' lang='lat' dir='ltr'><strong>bonum</strong></span> <span class='ocrx_word' id='word_1_59' title='bbox 386 1198 535 1258; x_wconf 86' lang='lat' dir='ltr'><strong>eventum</strong></span> <span class='ocrx_word' id='word_1_60' title='bbox 558 1211 610 1257; x_wconf 87' lang='lat' dir='ltr'><strong>ars</strong></span> <span class='ocrx_word' id='word_1_61' title='bbox 634 1191 702 1256; x_wconf 88' lang='lat' dir='ltr'><strong>eius</strong></span> <span class='ocrx_word' id='word_1_62' title='bbox 725 1197 758 1257; x_wconf 92' lang='lat' dir='ltr'><strong>et</strong></span> <span class='ocrx_word' id='word_1_63' title='bbox 781 1191 959 1275; x_wconf 81' lang='lat' dir='ltr'><strong>diligentia,</strong></span> <span class='ocrx_word' id='word_1_64' title='bbox 989 1192 1196 1273; x_wconf 89' lang='lat' dir='ltr'><strong>quamobrem</strong></span> <span class='ocrx_word' id='word_1_65' title='bbox 1218 1191 1325 1274; x_wconf 91' lang='lat' dir='ltr'><strong>laude,</strong></span> <span class='ocrx_word' id='word_1_66' title='bbox 1354 1191 1382 1254; x_wconf 93' lang='lat' dir='ltr'><strong>si</strong></span> 
     </span>
     <span class='ocr_line' id='line_1_10' title="bbox 243 1293 1381 1380; baseline -0.001 -20"><span class='ocrx_word' id='word_1_67' title='bbox 243 1316 340 1380; x_wconf 92' lang='lat' dir='ltr'><strong>quam</strong></span> <span class='ocrx_word' id='word_1_68' title='bbox 369 1295 589 1360; x_wconf 88' lang='lat' dir='ltr'><strong>commissione</strong></span> <span class='ocrx_word' id='word_1_69' title='bbox 619 1294 681 1359; x_wconf 90' lang='lat' dir='ltr'><strong>sibi</strong></span> <span class='ocrx_word' id='word_1_70' title='bbox 708 1294 858 1379; x_wconf 90' lang='lat' dir='ltr'><strong>parabat,</strong></span> <span class='ocrx_word' id='word_1_71' title='bbox 887 1300 974 1360; x_wconf 87' lang='lat' dir='ltr'><strong>certe</strong></span> <span class='ocrx_word' id='word_1_72' title='bbox 1004 1293 1120 1377; x_wconf 79' lang='lat' dir='ltr'><strong>dignus</strong></span> <span class='ocrx_word' id='word_1_73' title='bbox 1143 1301 1221 1360; x_wconf 91' lang='lat' dir='ltr'><strong>erat.</strong></span> <span class='ocrx_word' id='word_1_74' title='bbox 1267 1297 1381 1376; x_wconf 90' lang='lat' dir='ltr'><strong>ltaque</strong></span> 
     </span>
     <span class='ocr_line' id='line_1_11' title="bbox 242 1394 1382 1483; baseline -0.002 -20"><span class='ocrx_word' id='word_1_75' title='bbox 242 1394 269 1463; x_wconf 88' lang='lat' dir='ltr'><strong>si</strong></span> <span class='ocrx_word' id='word_1_76' title='bbox 291 1399 375 1464; x_wconf 90' lang='lat' dir='ltr'><strong>haee</strong></span> <span class='ocrx_word' id='word_1_77' title='bbox 397 1399 503 1464; x_wconf 90' lang='lat' dir='ltr'><strong>omnia</strong></span> <span class='ocrx_word' id='word_1_78' title='bbox 527 1398 844 1482; x_wconf 71' lang='lat' dir='ltr'><strong>consideraverimus</strong></span> <span class='ocrx_word' id='word_1_79' title='bbox 869 1398 1118 1483; x_wconf 84' lang='lat' dir='ltr'><strong>Aristophanem</strong></span> <span class='ocrx_word' id='word_1_80' title='bbox 1140 1418 1175 1464; x_wconf 92' lang='lat' dir='ltr'><strong>se</strong></span> <span class='ocrx_word' id='word_1_81' title='bbox 1191 1398 1263 1464; x_wconf 90' lang='lat' dir='ltr'><strong>aliis</strong></span> <span class='ocrx_word' id='word_1_82' title='bbox 1278 1396 1382 1483; x_wconf 89' lang='lat' dir='ltr'><strong>poetis</strong></span> 
     </span>
     <span class='ocr_line' id='line_1_12' title="bbox 240 1501 1381 1586; baseline -0.004 -16"><span class='ocrx_word' id='word_1_83' title='bbox 240 1501 436 1570; x_wconf 86' lang='lat' dir='ltr'><strong>succurrisse</strong></span> <span class='ocrx_word' id='word_1_84' title='bbox 460 1522 517 1568; x_wconf 90' lang='lat' dir='ltr'><strong>suo</strong></span> <span class='ocrx_word' id='word_1_85' title='bbox 539 1503 607 1568; x_wconf 91' lang='lat' dir='ltr'><strong>iure</strong></span> <span class='ocrx_word' id='word_1_86' title='bbox 631 1502 823 1586; x_wconf 90' lang='lat' dir='ltr'><strong>praedicare</strong></span> <span class='ocrx_word' id='word_1_87' title='bbox 846 1503 989 1586; x_wconf 90' lang='lat' dir='ltr'><strong>potuisse</strong></span> <span class='ocrx_word' id='word_1_88' title='bbox 1004 1502 1143 1567; x_wconf 88' lang='lat' dir='ltr'><strong>libenter</strong></span> <span class='ocrx_word' id='word_1_89' title='bbox 1158 1501 1381 1567; x_wconf 89' lang='lat' dir='ltr'><strong>concedemus.</strong></span> 
     </span>
    </p>

    <p class='ocr_par' dir='ltr' id='par_1_3' title="bbox 170 1596 1443 3141">
     <span class='ocr_line' id='line_1_13' title="bbox 328 1596 1381 1691; baseline -0.001 -21"><span class='ocrx_word' id='word_1_90' title='bbox 328 1607 469 1671; x_wconf 88' lang='lat' dir='ltr'><strong>Fuerunt</strong></span> <span class='ocrx_word' id='word_1_91' title='bbox 493 1627 571 1688; x_wconf 80' lang='lat' dir='ltr'><strong>ergo</strong></span> <span class='ocrx_word' id='word_1_92' title='bbox 588 1596 766 1691; x_wconf 81' lang='lat' dir='ltr'><strong>commoda,</strong></span> <span class='ocrx_word' id='word_1_93' title='bbox 791 1606 905 1689; x_wconf 92' lang='lat' dir='ltr'><strong>quibus</strong></span> <span class='ocrx_word' id='word_1_94' title='bbox 922 1605 962 1691; x_wconf 90' lang='lat' dir='ltr'><strong>ei,</strong></span> <span class='ocrx_word' id='word_1_95' title='bbox 986 1605 1041 1688; x_wconf 93' lang='lat' dir='ltr'><strong>qui</strong></span> <span class='ocrx_word' id='word_1_96' title='bbox 1056 1606 1236 1670; x_wconf 90' lang='lat' dir='ltr'><strong>molestiam</strong></span> <span class='ocrx_word' id='word_1_97' title='bbox 1251 1605 1381 1670; x_wconf 87' lang='lat' dir='ltr'><strong>fabulae</strong></span> 
     </span>
     <span class='ocr_line' id='line_1_14' title="bbox 242 1703 1443 1796; baseline -0.002 -22"><span class='ocrx_word' id='word_1_98' title='bbox 242 1703 410 1775; x_wconf 79' lang='lat' dir='ltr'><strong>docendae</strong></span> <span class='ocrx_word' id='word_1_99' title='bbox 444 1708 514 1794; x_wconf 88' lang='lat' dir='ltr'><strong>ipse</strong></span> <span class='ocrx_word' id='word_1_100' title='bbox 547 1729 610 1775; x_wconf 93' lang='lat' dir='ltr'><strong>non</strong></span> <span class='ocrx_word' id='word_1_101' title='bbox 643 1709 782 1794; x_wconf 84' lang='lat' dir='ltr'><strong>subibat,</strong></span> <span class='ocrx_word' id='word_1_102' title='bbox 819 1709 993 1775; x_wconf 90' lang='lat' dir='ltr'><strong>carendum</strong></span> <span class='ocrx_word' id='word_1_103' title='bbox 1022 1715 1101 1794; x_wconf 90' lang='lat' dir='ltr'><strong>erat,</strong></span> <span class='ocrx_word' id='word_1_104' title='bbox 1135 1730 1240 1791; x_wconf 90' lang='lat' dir='ltr'><strong>neque</strong></span> <span class='ocrx_word' id='word_1_105' title='bbox 1274 1715 1382 1774; x_wconf 83' lang='lat' dir='ltr'><strong>tamen</strong></span> <span class='ocrx_word' id='word_1_106' title='bbox 1440 1790 1443 1796; x_wconf 23' lang='grc' dir='ltr'><strong><em>Ι</em></strong></span> 
     </span>
     <span class='ocr_line' id='line_1_15' title="bbox 240 1812 1382 1898; baseline -0.001 -20"><span class='ocrx_word' id='word_1_107' title='bbox 240 1812 368 1879; x_wconf 89' lang='lat' dir='ltr'><strong>fuerunt</strong></span> <span class='ocrx_word' id='word_1_108' title='bbox 403 1813 567 1898; x_wconf 88' lang='lat' dir='ltr'><strong>eiusmodi,</strong></span> <span class='ocrx_word' id='word_1_109' title='bbox 598 1819 634 1878; x_wconf 94' lang='lat' dir='ltr'><strong>ut</strong></span> <span class='ocrx_word' id='word_1_110' title='bbox 660 1813 708 1878; x_wconf 91' lang='lat' dir='ltr'><strong>vir</strong></span> <span class='ocrx_word' id='word_1_111' title='bbox 730 1813 846 1878; x_wconf 91' lang='lat' dir='ltr'><strong>nobilis</strong></span> <span class='ocrx_word' id='word_1_112' title='bbox 870 1820 902 1878; x_wconf 88' lang='lat' dir='ltr'><strong>et</strong></span> <span class='ocrx_word' id='word_1_113' title='bbox 926 1813 1026 1896; x_wconf 83' lang='lat' dir='ltr'><strong>dives,</strong></span> <span class='ocrx_word' id='word_1_114' title='bbox 1055 1813 1159 1895; x_wconf 91' lang='lat' dir='ltr'><strong>qualis</strong></span> <span class='ocrx_word' id='word_1_115' title='bbox 1181 1812 1242 1877; x_wconf 86' lang='lat' dir='ltr'><strong>fuit</strong></span> <span class='ocrx_word' id='word_1_116' title='bbox 1263 1812 1382 1877; x_wconf 85' lang='lat' dir='ltr'><strong>Aristo-</strong></span> 
     </span>
     <span class='ocr_line' id='line_1_16' title="bbox 243 1915 1382 2000; baseline 0.002 -21"><span class='ocrx_word' id='word_1_117' title='bbox 243 1915 376 2000; x_wconf 88' lang='lat' dir='ltr'><strong>phanes,</strong></span> <span class='ocrx_word' id='word_1_118' title='bbox 401 1916 509 1997; x_wconf 90' lang='lat' dir='ltr'><strong>aliquo</strong></span> <span class='ocrx_word' id='word_1_119' title='bbox 532 1917 627 1982; x_wconf 89' lang='lat' dir='ltr'><strong>modo</strong></span> <span class='ocrx_word' id='word_1_120' title='bbox 644 1917 843 1982; x_wconf 86' lang='lat' dir='ltr'><strong>afficeretur:</strong></span> <span class='ocrx_word' id='word_1_121' title='bbox 867 1917 964 1981; x_wconf 92' lang='lat' dir='ltr'><strong>laude</strong></span> <span class='ocrx_word' id='word_1_122' title='bbox 981 1915 1064 1981; x_wconf 90' lang='lat' dir='ltr'><strong>enim</strong></span> <span class='ocrx_word' id='word_1_123' title='bbox 1079 1937 1143 1981; x_wconf 92' lang='lat' dir='ltr'><strong>non</strong></span> <span class='ocrx_word' id='word_1_124' title='bbox 1160 1916 1263 1980; x_wconf 78' lang='lat' dir='ltr'><strong>canuit</strong></span> <span class='ocrx_word' id='word_1_125' title='bbox 1277 1937 1382 1998; x_wconf 89' lang='lat' dir='ltr'><strong>neque</strong></span> 
     </span>
     <span class='ocr_line' id='line_1_17' title="bbox 242 2018 1381 2104; baseline 0.001 -22"><span class='ocrx_word' id='word_1_126' title='bbox 242 2039 304 2083; x_wconf 91' lang='lat' dir='ltr'><strong>non</strong></span> <span class='ocrx_word' id='word_1_127' title='bbox 326 2018 386 2084; x_wconf 83' lang='lat' dir='ltr'><strong>fuit</strong></span> <span class='ocrx_word' id='word_1_128' title='bbox 409 2019 442 2084; x_wconf 90' lang='lat' dir='ltr'><strong>in</strong></span> <span class='ocrx_word' id='word_1_129' title='bbox 464 2039 584 2085; x_wconf 89' lang='lat' dir='ltr'><strong>summo</strong></span> <span class='ocrx_word' id='word_1_130' title='bbox 607 2021 737 2085; x_wconf 89' lang='lat' dir='ltr'><strong>honore.</strong></span> <span class='ocrx_word' id='word_1_131' title='bbox 771 2020 856 2088; x_wconf 89' lang='lat' dir='ltr'><strong>Nam</strong></span> <span class='ocrx_word' id='word_1_132' title='bbox 878 2019 1013 2104; x_wconf 90' lang='lat' dir='ltr'><strong>primum</strong></span> <span class='ocrx_word' id='word_1_133' title='bbox 1035 2019 1068 2083; x_wconf 88' lang='lat' dir='ltr'><strong>in</strong></span> <span class='ocrx_word' id='word_1_134' title='bbox 1089 2019 1160 2104; x_wconf 88' lang='lat' dir='ltr'><strong>ipso</strong></span> <span class='ocrx_word' id='word_1_135' title='bbox 1176 2020 1303 2084; x_wconf 90' lang='lat' dir='ltr'><strong>theatro</strong></span> <span class='ocrx_word' id='word_1_136' title='bbox 1319 2041 1381 2085; x_wconf 90' lang='lat' dir='ltr'><strong>non</strong></span> 
     </span>
     <span class='ocr_line' id='line_1_18' title="bbox 242 2122 1383 2208; baseline 0.001 -21"><span class='ocrx_word' id='word_1_137' title='bbox 242 2129 350 2207; x_wconf 87' lang='lat' dir='ltr'><strong>poeta,</strong></span> <span class='ocrx_word' id='word_1_138' title='bbox 374 2122 433 2188; x_wconf 90' lang='lat' dir='ltr'><strong>sed</strong></span> <span class='ocrx_word' id='word_1_139' title='bbox 455 2122 565 2207; x_wconf 89' lang='lat' dir='ltr'><strong>tribus,</strong></span> <span class='ocrx_word' id='word_1_140' title='bbox 591 2123 680 2189; x_wconf 92' lang='lat' dir='ltr'><strong>cuius</strong></span> <span class='ocrx_word' id='word_1_141' title='bbox 704 2125 862 2206; x_wconf 82' lang='lat' dir='ltr'><strong>choregus</strong></span> <span class='ocrx_word' id='word_1_142' title='bbox 884 2130 1044 2208; x_wconf 90' lang='lat' dir='ltr'><strong>sumptum</strong></span> <span class='ocrx_word' id='word_1_143' title='bbox 1059 2123 1183 2189; x_wconf 87' lang='lat' dir='ltr'><strong>fecerat</strong></span> <span class='ocrx_word' id='word_1_144' title='bbox 1204 2131 1236 2190; x_wconf 91' lang='lat' dir='ltr'><strong>et</strong></span> <span class='ocrx_word' id='word_1_145' title='bbox 1252 2123 1383 2189; x_wconf 91' lang='lat' dir='ltr'><strong>chorum</strong></span> 
     </span>
     <span class='ocr_line' id='line_1_19' title="bbox 243 2227 1381 2314; baseline 0.002 -24"><span class='ocrx_word' id='word_1_146' title='bbox 243 2228 448 2312; x_wconf 87' lang='lat' dir='ltr'><strong>praebuerat,</strong></span> <span class='ocrx_word' id='word_1_147' title='bbox 471 2229 622 2313; x_wconf 90' lang='lat' dir='ltr'><strong>princeps</strong></span> <span class='ocrx_word' id='word_1_148' title='bbox 645 2228 714 2314; x_wconf 88' lang='lat' dir='ltr'><strong>fuit,</strong></span> <span class='ocrx_word' id='word_1_149' title='bbox 738 2234 773 2296; x_wconf 94' lang='lat' dir='ltr'><strong>ut</strong></span> <span class='ocrx_word' id='word_1_150' title='bbox 795 2228 842 2293; x_wconf 91' lang='lat' dir='ltr'><strong>ita</strong></span> <span class='ocrx_word' id='word_1_151' title='bbox 866 2229 981 2312; x_wconf 91' lang='lat' dir='ltr'><strong>dicam,</strong></span> <span class='ocrx_word' id='word_1_152' title='bbox 1006 2248 1089 2310; x_wconf 91' lang='lat' dir='ltr'><strong>quae</strong></span> <span class='ocrx_word' id='word_1_153' title='bbox 1112 2227 1239 2293; x_wconf 85' lang='lat' dir='ltr'><strong>vicisse.</strong></span> <span class='ocrx_word' id='word_1_154' title='bbox 1253 2227 1381 2313; x_wconf 90' lang='lat' dir='ltr'><strong>publice</strong></span> 
     </span>
     <span class='ocr_line' id='line_1_20' title="bbox 243 2330 1381 2417; baseline 0.001 -23"><span class='ocrx_word' id='word_1_155' title='bbox 243 2330 450 2397; x_wconf 89' lang='lat' dir='ltr'><strong>nuntiabatur</strong></span> <span class='ocrx_word' id='word_1_156' title='bbox 489 2338 521 2396; x_wconf 89' lang='lat' dir='ltr'><strong>et</strong></span> <span class='ocrx_word' id='word_1_157' title='bbox 559 2332 719 2416; x_wconf 90' lang='lat' dir='ltr'><strong>tripodem</strong></span> <span class='ocrx_word' id='word_1_158' title='bbox 752 2332 930 2417; x_wconf 87' lang='lat' dir='ltr'><strong>praemium</strong></span> <span class='ocrx_word' id='word_1_159' title='bbox 966 2331 1165 2416; x_wconf 90' lang='lat' dir='ltr'><strong>propositum</strong></span> <span class='ocrx_word' id='word_1_160' title='bbox 1202 2331 1381 2397; x_wconf 82' lang='lat' dir='ltr'><strong>auferebat.</strong></span> 
     </span>
     <span class='ocr_line' id='line_1_21' title="bbox 242 2433 1382 2519; baseline 0.001 -20"><span class='ocrx_word' id='word_1_161' title='bbox 242 2435 323 2500; x_wconf 85' lang='lat' dir='ltr'><strong>Tum</strong></span> <span class='ocrx_word' id='word_1_162' title='bbox 356 2455 433 2500; x_wconf 83' lang='lat' dir='ltr'><strong>vero</strong></span> <span class='ocrx_word' id='word_1_163' title='bbox 463 2441 571 2518; x_wconf 88' lang='lat' dir='ltr'><strong>poeta,</strong></span> <span class='ocrx_word' id='word_1_164' title='bbox 602 2455 664 2518; x_wconf 91' lang='lat' dir='ltr'><strong>quo</strong></span> <span class='ocrx_word' id='word_1_165' title='bbox 695 2435 882 2519; x_wconf 89' lang='lat' dir='ltr'><strong>prudentior</strong></span> <span class='ocrx_word' id='word_1_166' title='bbox 905 2441 985 2518; x_wconf 91' lang='lat' dir='ltr'><strong>erat,</strong></span> <span class='ocrx_word' id='word_1_167' title='bbox 1014 2455 1052 2500; x_wconf 92' lang='lat' dir='ltr'><strong>eo</strong></span> <span class='ocrx_word' id='word_1_168' title='bbox 1081 2433 1209 2499; x_wconf 81' lang='lat' dir='ltr'><strong>facilius</strong></span> <span class='ocrx_word' id='word_1_169' title='bbox 1231 2434 1382 2517; x_wconf 83' lang='lat' dir='ltr'><strong>fugacem</strong></span> 
     </span>
     <span class='ocr_line' id='line_1_22' title="bbox 241 2537 1382 2623; baseline -0.002 -20"><span class='ocrx_word' id='word_1_170' title='bbox 241 2537 362 2622; x_wconf 93' lang='lat' dir='ltr'><strong>populi·</strong></span> <span class='ocrx_word' id='word_1_171' title='bbox 382 2539 535 2604; x_wconf 86' lang='lat' dir='ltr'><strong>affectum</strong></span> <span class='ocrx_word' id='word_1_172' title='bbox 564 2540 775 2623; x_wconf 89' lang='lat' dir='ltr'><strong>plausumque</strong></span> <span class='ocrx_word' id='word_1_173' title='bbox 803 2539 896 2623; x_wconf 89' lang='lat' dir='ltr'><strong>parvi</strong></span> <span class='ocrx_word' id='word_1_174' title='bbox 920 2539 1075 2604; x_wconf 89' lang='lat' dir='ltr'><strong>ducebat:</strong></span> <span class='ocrx_word' id='word_1_175' title='bbox 1107 2537 1154 2602; x_wconf 89' lang='lat' dir='ltr'><strong>eis</strong></span> <span class='ocrx_word' id='word_1_176' title='bbox 1177 2539 1294 2622; x_wconf 87' lang='lat' dir='ltr'><strong>potius,</strong></span> <span class='ocrx_word' id='word_1_177' title='bbox 1329 2537 1382 2620; x_wconf 95' lang='lat' dir='ltr'><strong>qui</strong></span> 
     </span>
     <span class='ocr_line' id='line_1_23' title="bbox 240 2639 1380 2726; baseline -0.001 -22"><span class='ocrx_word' id='word_1_178' title='bbox 240 2639 385 2711; x_wconf 89' lang='lat' dir='ltr'><strong>iudicare</strong></span> <span class='ocrx_word' id='word_1_179' title='bbox 413 2647 564 2726; x_wconf 89' lang='lat' dir='ltr'><strong>poterant</strong></span> <span class='ocrx_word' id='word_1_180' title='bbox 587 2648 619 2707; x_wconf 88' lang='lat' dir='ltr'><strong>et</strong></span> <span class='ocrx_word' id='word_1_181' title='bbox 642 2663 662 2706; x_wconf 89' lang='lat' dir='ltr'><strong>a</strong></span> <span class='ocrx_word' id='word_1_182' title='bbox 686 2641 800 2724; x_wconf 90' lang='lat' dir='ltr'><strong>quibus</strong></span> <span class='ocrx_word' id='word_1_183' title='bbox 824 2641 935 2707; x_wconf 84' lang='lat' dir='ltr'><strong>extolli</strong></span> <span class='ocrx_word' id='word_1_184' title='bbox 958 2662 1055 2724; x_wconf 92' lang='lat' dir='ltr'><strong>quam</strong></span> <span class='ocrx_word' id='word_1_185' title='bbox 1077 2641 1215 2706; x_wconf 83' lang='lat' dir='ltr'><strong>maxime</strong></span> <span class='ocrx_word' id='word_1_186' title='bbox 1238 2641 1380 2722; x_wconf 84' lang='lat' dir='ltr'><strong>iuvabat,</strong></span> 
     </span>
     <span class='ocr_line' id='line_1_24' title="bbox 170 2743 1381 2829; baseline -0.003 -19"><span class='ocrx_word' id='word_1_187' title='bbox 170 2750 173 2756; x_wconf 85' lang='lat'>&#39;</span> <span class='ocrx_word' id='word_1_188' title='bbox 240 2764 275 2810; x_wconf 91' lang='lat' dir='ltr'><strong>se</strong></span> <span class='ocrx_word' id='word_1_189' title='bbox 303 2763 457 2826; x_wconf 85' lang='lat' dir='ltr'><strong>suamque</strong></span> <span class='ocrx_word' id='word_1_190' title='bbox 481 2751 584 2810; x_wconf 91' lang='lat' dir='ltr'><strong>artem</strong></span> <span class='ocrx_word' id='word_1_191' title='bbox 605 2746 744 2828; x_wconf 88' lang='lat' dir='ltr'><strong>probare</strong></span> <span class='ocrx_word' id='word_1_192' title='bbox 768 2745 937 2829; x_wconf 90' lang='lat' dir='ltr'><strong>plurimum</strong></span> <span class='ocrx_word' id='word_1_193' title='bbox 959 2745 1028 2810; x_wconf 87' lang='lat' dir='ltr'><strong>eius</strong></span> <span class='ocrx_word' id='word_1_194' title='bbox 1050 2745 1213 2811; x_wconf 86' lang='lat' dir='ltr'><strong>intererat.</strong></span> <span class='ocrx_word' id='word_1_195' title='bbox 1261 2743 1381 2808; x_wconf 84' lang='lat' dir='ltr'><strong>Aristo-</strong></span> 
     </span>
     <span class='ocr_line' id='line_1_25' title="bbox 240 2846 1380 2933; baseline -0.003 -21"><span class='ocrx_word' id='word_1_196' title='bbox 240 2847 365 2932; x_wconf 87' lang='lat' dir='ltr'><strong>phanes</strong></span> <span class='ocrx_word' id='word_1_197' title='bbox 398 2846 468 2933; x_wconf 90' lang='lat' dir='ltr'><strong>ipse</strong></span> <span class='ocrx_word' id='word_1_198' title='bbox 498 2869 734 2932; x_wconf 91' lang='lat' dir='ltr'><strong>nonnumquam</strong></span> <span class='ocrx_word' id='word_1_199' title='bbox 763 2849 848 2913; x_wconf 90' lang='lat' dir='ltr'><strong>hanc</strong></span> <span class='ocrx_word' id='word_1_200' title='bbox 876 2870 943 2914; x_wconf 91' lang='lat' dir='ltr'><strong>rem</strong></span> <span class='ocrx_word' id='word_1_201' title='bbox 971 2848 1116 2932; x_wconf 83' lang='lat' dir='ltr'><strong>tetigisse</strong></span> <span class='ocrx_word' id='word_1_202' title='bbox 1145 2847 1222 2912; x_wconf 91' lang='lat' dir='ltr'><strong>mihi</strong></span> <span class='ocrx_word' id='word_1_203' title='bbox 1244 2846 1380 2930; x_wconf 89' lang='lat' dir='ltr'><strong>videtur,</strong></span> 
     </span>
     <span class='ocr_line' id='line_1_26' title="bbox 242 2952 1381 3037; baseline -0.002 -20"><span class='ocrx_word' id='word_1_204' title='bbox 242 2958 337 3018; x_wconf 87' lang='lat' dir='ltr'><strong>caute</strong></span> <span class='ocrx_word' id='word_1_205' title='bbox 368 2952 498 3034; x_wconf 91' lang='lat' dir='ltr'><strong>quidem</strong></span> <span class='ocrx_word' id='word_1_206' title='bbox 527 2959 558 3018; x_wconf 92' lang='lat' dir='ltr'><strong>et</strong></span> <span class='ocrx_word' id='word_1_207' title='bbox 586 2953 665 3019; x_wconf 86' lang='lat' dir='ltr'><strong>satis</strong></span> <span class='ocrx_word' id='word_1_208' title='bbox 688 2959 784 3037; x_wconf 90' lang='lat' dir='ltr'><strong>tecte,</strong></span> <span class='ocrx_word' id='word_1_209' title='bbox 816 2952 969 3018; x_wconf 89' lang='lat' dir='ltr'><strong>videlicet</strong></span> <span class='ocrx_word' id='word_1_210' title='bbox 991 2973 1031 3018; x_wconf 91' lang='lat' dir='ltr'><strong>ne</strong></span> <span class='ocrx_word' id='word_1_211' title='bbox 1055 2954 1170 3036; x_wconf 82' lang='lat' dir='ltr'><strong>vulgus</strong></span> <span class='ocrx_word' id='word_1_212' title='bbox 1192 2952 1381 3035; x_wconf 87' lang='lat' dir='ltr'><strong>offenderet,</strong></span> 
     </span>
     <span class='ocr_line' id='line_1_27' title="bbox 243 3055 756 3141; baseline 0 -19"><span class='ocrx_word' id='word_1_213' title='bbox 243 3055 344 3126; x_wconf 85' lang='lat' dir='ltr'><strong>veluti</strong></span> <span class='ocrx_word' id='word_1_214' title='bbox 366 3057 463 3141; x_wconf 89' lang='lat' dir='ltr'><strong>Vesp.</strong></span> <span class='ocrx_word' id='word_1_215' title='bbox 488 3077 534 3123; x_wconf 85' lang='lat' dir='ltr'><strong>vs.</strong></span> <span class='ocrx_word' id='word_1_216' title='bbox 560 3059 644 3122; x_wconf 84' lang='grc'>1048</span> <span class='ocrx_word' id='word_1_217' title='bbox 668 3076 756 3140; x_wconf 87' lang='lat' dir='ltr'><strong>sqq:</strong></span> 
     </span>
    </p>

    <p class='ocr_par' dir='ltr' id='par_1_4' title="bbox 327 3151 1380 3245">
     <span class='ocr_line' id='line_1_28' title="bbox 327 3151 1380 3245; baseline -0.004 -21"><span class='ocrx_word' id='word_1_218' title='bbox 327 3164 424 3225; x_wconf 78' lang='grc' dir='ltr'><em>τοῦτο</em></span> <span class='ocrx_word' id='word_1_219' title='bbox 447 3160 506 3243; x_wconf 81' lang='grc' dir='ltr'><strong>μὲν</strong></span> <span class='ocrx_word' id='word_1_220' title='bbox 529 3151 588 3225; x_wconf 84' lang='grc' dir='ltr'><strong>οὖν</strong></span> <span class='ocrx_word' id='word_1_221' title='bbox 611 3160 683 3222; x_wconf 72' lang='lat' dir='ltr'><strong>s&#39;ec’</strong></span> <span class='ocrx_word' id='word_1_222' title='bbox 707 3159 783 3242; x_wconf 81' lang='grc' dir='ltr'><em>ὑμῖν</em></span> <span class='ocrx_word' id='word_1_223' title='bbox 806 3160 941 3245; x_wconf 81' lang='grc' dir='ltr'><em>αἰσχρὸν</em></span> <span class='ocrx_word' id='word_1_224' title='bbox 963 3170 1031 3234; x_wconf 78' lang='grc' dir='ltr'><em>τοῖς</em></span> <span class='ocrx_word' id='word_1_225' title='bbox 1052 3160 1096 3244; x_wconf 79' lang='grc' dir='ltr'><strong>μὴ</strong></span> <span class='ocrx_word' id='word_1_226' title='bbox 1119 3162 1253 3238; x_wconf 78' lang='grc' dir='ltr'><em>γνοῦσιν</em></span> <span class='ocrx_word' id='word_1_227' title='bbox 1268 3182 1380 3244; x_wconf 82' lang='grc' dir='ltr'><em>παροι-</em></span> 
     </span>
    </p>

    <p class='ocr_par' dir='ltr' id='par_1_5' title="bbox 794 3266 1188 3346">
     <span class='ocr_line' id='line_1_29' title="bbox 794 3266 1188 3346; baseline 0.003 -3"><span class='ocrx_word' id='word_1_228' title='bbox 794 3279 798 3284; x_wconf 81' lang='grc'>’</span> <span class='ocrx_word' id='word_1_229' title='bbox 1068 3266 1188 3346; x_wconf 66' lang='lat' dir='ltr'><strong>notua,</strong></span> 
     </span>
    </p>

    <p class='ocr_par' dir='ltr' id='par_1_6' title="bbox 328 3363 1379 3455">
     <span class='ocr_line' id='line_1_30' title="bbox 328 3363 1379 3455; baseline -0.004 -25"><span class='ocrx_word' id='word_1_230' title='bbox 328 3367 345 3430; x_wconf 89' lang='grc' dir='ltr'>ὁ</span> <span class='ocrx_word' id='word_1_231' title='bbox 370 3366 406 3430; x_wconf 77' lang='grc' dir='ltr'><strong>δὲ</strong></span> <span class='ocrx_word' id='word_1_232' title='bbox 428 3367 564 3451; x_wconf 75' lang='grc' dir='ltr'><em>ποιητὴς</em></span> <span class='ocrx_word' id='word_1_233' title='bbox 588 3366 685 3431; x_wconf 72' lang='grc' dir='ltr'><em>οὐδὲν</em></span> <span class='ocrx_word' id='word_1_234' title='bbox 706 3371 821 3455; x_wconf 76' lang='grc' dir='ltr'><em>χείρων</em></span> <span class='ocrx_word' id='word_1_235' title='bbox 844 3368 937 3451; x_wconf 82' lang='grc' dir='ltr'><em>παρὰ</em></span> <span class='ocrx_word' id='word_1_236' title='bbox 951 3375 1033 3428; x_wconf 77' lang='grc' dir='ltr'><em>τοῖσι</em></span> <span class='ocrx_word' id='word_1_237' title='bbox 1050 3375 1166 3449; x_wconf 82' lang='grc' dir='ltr'><em>σοφοῖς</em></span> <span class='ocrx_word' id='word_1_238' title='bbox 1183 3363 1379 3446; x_wconf 77' lang='grc' dir='ltr'><em>νενόμισται,</em></span> 
     </span>
    </p>

    <p class='ocr_par' dir='ltr' id='par_1_7' title="bbox 241 3468 1382 4054">
     <span class='ocr_line' id='line_1_31' title="bbox 327 3468 1379 3556; baseline 0.002 -25"><span class='ocrx_word' id='word_1_239' title='bbox 327 3471 356 3532; x_wconf 77' lang='grc' dir='ltr'><strong>εἰ</strong></span> <span class='ocrx_word' id='word_1_240' title='bbox 378 3469 593 3556; x_wconf 78' lang='grc' dir='ltr'><em>παρελαύνων</em></span> <span class='ocrx_word' id='word_1_241' title='bbox 616 3469 691 3544; x_wconf 80' lang='grc' dir='ltr'><strong>τούς</strong></span> <span class='ocrx_word' id='word_1_242' title='bbox 713 3470 915 3544; x_wconf 76' lang='grc' dir='ltr'><em>ἀντιπάλους</em></span> <span class='ocrx_word' id='word_1_243' title='bbox 937 3470 995 3554; x_wconf 77' lang='grc' dir='ltr'><strong>τὴν</strong></span> <span class='ocrx_word' id='word_1_244' title='bbox 1009 3468 1160 3533; x_wconf 75' lang='grc' dir='ltr'><em>ἐπίνοιαν</em></span> <span class='ocrx_word' id='word_1_245' title='bbox 1175 3471 1379 3554; x_wconf 77' lang='grc' dir='ltr'><em>ξυνέτριψεν,</em></span> 
     </span>
     <span class='ocr_line' id='line_1_32' title="bbox 242 3567 1382 3656; baseline -0.004 -15"><span class='ocrx_word' id='word_1_246' title='bbox 242 3581 275 3641; x_wconf 92' lang='lat' dir='ltr'><strong>et</strong></span> <span class='ocrx_word' id='word_1_247' title='bbox 302 3567 400 3641; x_wconf 62' lang='lat' dir='ltr'><strong>Nub*</strong></span> <span class='ocrx_word' id='word_1_248' title='bbox 415 3593 461 3638; x_wconf 90' lang='lat' dir='ltr'><strong>vs.</strong></span> <span class='ocrx_word' id='word_1_249' title='bbox 486 3574 549 3638; x_wconf 76' lang='lat'><strong>525</strong></span> <span class='ocrx_word' id='word_1_250' title='bbox 572 3593 641 3656; x_wconf 91' lang='lat' dir='ltr'><strong>sqq.</strong></span> <span class='ocrx_word' id='word_1_251' title='bbox 678 3573 788 3639; x_wconf 88' lang='lat' dir='ltr'><strong>dubito</strong></span> <span class='ocrx_word' id='word_1_252' title='bbox 820 3596 862 3640; x_wconf 91' lang='lat' dir='ltr'><strong>an</strong></span> <span class='ocrx_word' id='word_1_253' title='bbox 897 3573 999 3639; x_wconf 91' lang='lat' dir='ltr'><strong>simile</strong></span> <span class='ocrx_word' id='word_1_254' title='bbox 1029 3572 1153 3656; x_wconf 90' lang='lat' dir='ltr'><strong>aliquid</strong></span> <span class='ocrx_word' id='word_1_255' title='bbox 1180 3572 1286 3638; x_wconf 90' lang='lat' dir='ltr'><strong>animo</strong></span> <span class='ocrx_word' id='word_1_256' title='bbox 1314 3572 1382 3637; x_wconf 91' lang='lat' dir='ltr'><strong>eius</strong></span> 
     </span>
     <span class='ocr_line' id='line_1_33' title="bbox 242 3674 1382 3761; baseline -0.004 -19"><span class='ocrx_word' id='word_1_257' title='bbox 242 3679 447 3743; x_wconf 88' lang='lat' dir='ltr'><strong>obversatum</strong></span> <span class='ocrx_word' id='word_1_258' title='bbox 481 3674 531 3742; x_wconf 90' lang='lat' dir='ltr'><strong>sit.</strong></span> <span class='ocrx_word' id='word_1_259' title='bbox 583 3675 757 3743; x_wconf 81' lang='lat' dir='ltr'><strong>Efficiebat</strong></span> <span class='ocrx_word' id='word_1_260' title='bbox 791 3684 899 3742; x_wconf 89' lang='lat' dir='ltr'><strong>autern</strong></span> <span class='ocrx_word' id='word_1_261' title='bbox 932 3677 1026 3761; x_wconf 93' lang='lat' dir='ltr'><strong>illud,</strong></span> <span class='ocrx_word' id='word_1_262' title='bbox 1061 3677 1148 3759; x_wconf 92' lang='lat' dir='ltr'><strong>quod</strong></span> <span class='ocrx_word' id='word_1_263' title='bbox 1181 3677 1317 3760; x_wconf 90' lang='lat' dir='ltr'><strong>optabat</strong></span> <span class='ocrx_word' id='word_1_264' title='bbox 1349 3682 1382 3738; x_wconf 90' lang='lat' dir='ltr'><strong>et</strong></span> 
     </span>
     <span class='ocr_line' id='line_1_34' title="bbox 241 3777 1380 3865; baseline -0.004 -20"><span class='ocrx_word' id='word_1_265' title='bbox 241 3781 385 3865; x_wconf 89' lang='lat' dir='ltr'><strong>petebat,</strong></span> <span class='ocrx_word' id='word_1_266' title='bbox 420 3779 507 3862; x_wconf 89' lang='lat' dir='ltr'><strong>quod</strong></span> <span class='ocrx_word' id='word_1_267' title='bbox 539 3779 678 3864; x_wconf 83' lang='lat' dir='ltr'><strong>fabulas,</strong></span> <span class='ocrx_word' id='word_1_268' title='bbox 713 3787 884 3864; x_wconf 89' lang='lat' dir='ltr'><strong>postquam</strong></span> <span class='ocrx_word' id='word_1_269' title='bbox 917 3787 1012 3845; x_wconf 90' lang='lat' dir='ltr'><strong>actae</strong></span> <span class='ocrx_word' id='word_1_270' title='bbox 1047 3786 1129 3863; x_wconf 88' lang='lat' dir='ltr'><strong>sunt,</strong></span> <span class='ocrx_word' id='word_1_271' title='bbox 1163 3799 1221 3843; x_wconf 92' lang='lat' dir='ltr'><strong>suo</strong></span> <span class='ocrx_word' id='word_1_272' title='bbox 1255 3777 1380 3841; x_wconf 91' lang='lat' dir='ltr'><strong>nomine</strong></span> 
     </span>
     <span class='ocr_line' id='line_1_35' title="bbox 241 3879 1382 3969; baseline -0.005 -19"><span class='ocrx_word' id='word_1_273' title='bbox 241 3884 385 3969; x_wconf 85' lang='lat' dir='ltr'><strong>praefixo</strong></span> <span class='ocrx_word' id='word_1_274' title='bbox 413 3884 501 3949; x_wconf 84' lang='lat' dir='ltr'><strong>foras</strong></span> <span class='ocrx_word' id='word_1_275' title='bbox 532 3883 647 3949; x_wconf 90' lang='lat' dir='ltr'><strong>dabat:</strong></span> <span class='ocrx_word' id='word_1_276' title='bbox 676 3883 739 3948; x_wconf 92' lang='lat' dir='ltr'><strong>hoc</strong></span> <span class='ocrx_word' id='word_1_277' title='bbox 767 3884 863 3949; x_wconf 90' lang='lat' dir='ltr'><strong>modo</strong></span> <span class='ocrx_word' id='word_1_278' title='bbox 893 3883 1029 3948; x_wconf 90' lang='lat' dir='ltr'><strong>innotuit</strong></span> <span class='ocrx_word' id='word_1_279' title='bbox 1059 3901 1153 3947; x_wconf 90' lang='lat' dir='ltr'><strong>verus</strong></span> <span class='ocrx_word' id='word_1_280' title='bbox 1181 3885 1289 3965; x_wconf 88' lang='lat' dir='ltr'><strong>poeta,</strong></span> <span class='ocrx_word' id='word_1_281' title='bbox 1320 3879 1382 3944; x_wconf 92' lang='lat' dir='ltr'><strong>hoc</strong></span> 
     </span>
     <span class='ocr_line' id='line_1_36' title="bbox 243 3986 519 4054; baseline -0.011 0"><span class='ocrx_word' id='word_1_282' title='bbox 243 3988 338 4054; x_wconf 89' lang='lat' dir='ltr'><strong>modo</strong></span> <span class='ocrx_word' id='word_1_283' title='bbox 361 3986 519 4052; x_wconf 90' lang='lat' dir='ltr'><strong>inclaruit.</strong></span> 
     </span>
    </p>

    <p class='ocr_par' dir='ltr' id='par_1_8' title="bbox 241 4085 1383 4486">
     <span class='ocr_line' id='line_1_37' title="bbox 328 4085 1383 4174; baseline -0.007 -17"><span class='ocrx_word' id='word_1_284' title='bbox 328 4092 419 4169; x_wconf 78' lang='lat' dir='ltr'><strong>Quae</strong></span> <span class='ocrx_word' id='word_1_285' title='bbox 461 4091 489 4156; x_wconf 90' lang='lat' dir='ltr'><strong>si</strong></span> <span class='ocrx_word' id='word_1_286' title='bbox 531 4098 619 4156; x_wconf 90' lang='lat' dir='ltr'><strong>recte</strong></span> <span class='ocrx_word' id='word_1_287' title='bbox 656 4091 821 4172; x_wconf 91' lang='lat' dir='ltr'><strong>hucusque</strong></span> <span class='ocrx_word' id='word_1_288' title='bbox 860 4088 1106 4174; x_wconf 90' lang='lat' dir='ltr'><strong>disputavimus,</strong></span> <span class='ocrx_word' id='word_1_289' title='bbox 1148 4085 1383 4170; x_wconf 87' lang='lat' dir='ltr'><strong>Aristophanes</strong></span> 
     </span>
     <span class='ocr_line' id='line_1_38' title="bbox 242 4189 1383 4279; baseline -0.004 -19"><span class='ocrx_word' id='word_1_290' title='bbox 242 4214 463 4279; x_wconf 89' lang='lat' dir='ltr'><strong>quaecumque</strong></span> <span class='ocrx_word' id='word_1_291' title='bbox 487 4194 673 4279; x_wconf 87' lang='lat' dir='ltr'><strong>proferebat</strong></span> <span class='ocrx_word' id='word_1_292' title='bbox 697 4193 737 4258; x_wconf 89' lang='lat' dir='ltr'><strong>de</strong></span> <span class='ocrx_word' id='word_1_293' title='bbox 762 4193 851 4260; x_wconf 90' lang='lat' dir='ltr'><strong>chori</strong></span> <span class='ocrx_word' id='word_1_294' title='bbox 873 4192 1026 4275; x_wconf 81' lang='lat' dir='ltr'><strong>magistro</strong></span> <span class='ocrx_word' id='word_1_295' title='bbox 1049 4191 1102 4255; x_wconf 85' lang='lat' dir='ltr'><strong>vel</strong></span> <span class='ocrx_word' id='word_1_296' title='bbox 1117 4190 1158 4257; x_wconf 92' lang='lat' dir='ltr'><strong>de</strong></span> <span class='ocrx_word' id='word_1_297' title='bbox 1174 4196 1272 4274; x_wconf 89' lang='lat' dir='ltr'><strong>poeta</strong></span> <span class='ocrx_word' id='word_1_298' title='bbox 1288 4190 1320 4255; x_wconf 92' lang='lat' dir='ltr'><strong>in</strong></span> <span class='ocrx_word' id='word_1_299' title='bbox 1336 4189 1383 4255; x_wconf 88' lang='lat' dir='ltr'><strong>eis</strong></span> 
     </span>
     <span class='ocr_line' id='line_1_39' title="bbox 241 4294 1383 4383; baseline -0.007 -19"><span class='ocrx_word' id='word_1_300' title='bbox 241 4297 368 4383; x_wconf 83' lang='lat' dir='ltr'><strong>tabulis,</strong></span> <span class='ocrx_word' id='word_1_301' title='bbox 399 4318 479 4380; x_wconf 90' lang='lat' dir='ltr'><strong>quas</strong></span> <span class='ocrx_word' id='word_1_302' title='bbox 507 4319 571 4364; x_wconf 91' lang='lat' dir='ltr'><strong>non</strong></span> <span class='ocrx_word' id='word_1_303' title='bbox 599 4299 669 4383; x_wconf 89' lang='lat' dir='ltr'><strong>ipse</strong></span> <span class='ocrx_word' id='word_1_304' title='bbox 698 4298 848 4381; x_wconf 89' lang='lat' dir='ltr'><strong>docebat,</strong></span> <span class='ocrx_word' id='word_1_305' title='bbox 879 4297 926 4362; x_wconf 88' lang='lat' dir='ltr'><strong>ita</strong></span> <span class='ocrx_word' id='word_1_306' title='bbox 953 4317 1141 4380; x_wconf 91' lang='lat' dir='ltr'><strong>comparare</strong></span> <span class='ocrx_word' id='word_1_307' title='bbox 1169 4294 1320 4378; x_wconf 87' lang='lat' dir='ltr'><strong>debebat,</strong></span> <span class='ocrx_word' id='word_1_308' title='bbox 1348 4298 1383 4357; x_wconf 90' lang='lat' dir='ltr'><strong>ut</strong></span> 
     </span>
     <span class='ocr_line' id='line_1_40' title="bbox 241 4396 1383 4486; baseline -0.008 -18"><span class='ocrx_word' id='word_1_309' title='bbox 241 4402 284 4468; x_wconf 87' lang='lat' dir='ltr'><strong>ad</strong></span> <span class='ocrx_word' id='word_1_310' title='bbox 322 4407 452 4486; x_wconf 90' lang='lat' dir='ltr'><strong>poetam</strong></span> <span class='ocrx_word' id='word_1_311' title='bbox 489 4402 731 4486; x_wconf 89' lang='lat' dir='ltr'><strong>suppositicium</strong></span> <span class='ocrx_word' id='word_1_312' title='bbox 774 4401 885 4466; x_wconf 87' lang='lat' dir='ltr'><strong>referri</strong></span> <span class='ocrx_word' id='word_1_313' title='bbox 927 4405 1076 4485; x_wconf 92' lang='lat' dir='ltr'><strong>possent,</strong></span> <span class='ocrx_word' id='word_1_314' title='bbox 1117 4399 1206 4464; x_wconf 91' lang='lat' dir='ltr'><strong>cuius</strong></span> <span class='ocrx_word' id='word_1_315' title='bbox 1247 4396 1383 4462; x_wconf 90' lang='lat' dir='ltr'><strong>fictionis</strong></span> 
     </span>
    </p>
   </div>
   <div class='ocr_carea' id='block_1_3' title="bbox 0 0 1588 4992">
    <p class='ocr_par' dir='ltr' id='par_1_9' title="bbox 0 0 1588 4992">
     <span class='ocr_line' id='line_1_41' title="bbox 0 0 1588 4992; baseline 0 0"><span class='ocrx_word' id='word_1_316' title='bbox 0 0 1588 4992; x_wconf 95' lang='lat' dir='ltr'><strong> </strong></span> 
     </span>
    </p>
   </div>
  </div>
 </body>
</html>
