3167 4992
682 1073 883 1192 Vita.

305 1324 456 1390 Albertus
478 1321 565 1388 Briel
588 1320 677 1388 128
700 1341 799 1387 mens.
815 1321 900 1404 Aug.
924 1320 1042 1386 ahs.
1060 1322 1101 1387 83
1124 1328 1217 1405 patre
1240 1321 1356 1388 Oarolo

187 1419 189 1424 ’
219 1434 321 1494 matre
344 1427 461 1493 Elvina
484 1447 502 1493 e
525 1433 622 1510 gente
645 1425 768 1492 Thater
782 1425 924 1491 Berolini
946 1430 1041 1491 natus
1062 1424 1201 1507 fideique
1218 1445 1357 1510 evange·

219 1530 303 1598 licae
338 1519 507 1616 ascriptus
529 1550 608 1596 sum.
660 1529 839 1595 Auctunmo
870 1550 900 1595 a.
930 1531 972 1594 70
998 1528 1032 1594 in
1058 1528 1261 1614 gymnasium
1289 1529 1358 1595 Fri·

221 1634 418 1701 dericianum
445 1633 651 1700 Berolinense
678 1638 829 1717 receptus
855 1653 938 1716 sum,
969 1653 1071 1699 annos
1098 1639 1174 1698 nato
1203 1632 1358 1700 tredecim

220 1744 314 1823 pater
335 1738 412 1804 mihi
434 1744 640 1823 praematura
661 1745 763 1804 morte
786 1743 915 1821 ereptus
936 1743 995 1804 est.

309 1861 393 1928 Vere
428 1882 457 1927 a.
492 1862 534 1927 82
572 1881 643 1926 cum
676 1859 891 1925 testimonium
923 1858 1117 1924 maturitatis
1149 1859 1358 1946 accepissem,

223 1965 253 2031 d.
278 1967 318 2032 17
346 1986 445 2033 mens.
469 1965 568 2050 April.
593 1966 635 2031 ab
658 1965 795 2031 Ernesto
819 1963 947 2030 Curtius
968 1985 998 2030 v.
1021 1963 1066 2029 ill.
1089 1968 1214 2030 rectore
1236 1964 1358 2048 magni-

221 2070 282 2135 fico
309 2091 439 2136 numero
463 2070 580 2135 civium
601 2068 828 2134 Universitatis
849 2068 1037 2135 Friderieae
1061 2067 1239 2134 Guilelmae
1261 2068 1359 2134 Bero-

221 2172 352 2238 linensis
380 2172 539 2257 ascriptus
568 2192 646 2238 sum.
697 2171 807 2239 Octies
840 2172 957 2239 deinde
993 2192 1051 2238 sex
1085 2192 1212 2239 menses
1246 2172 1359 2238 studiis
1389 2253 1391 2257 ι

132 2273 136 2283 ’
222 2275 427 2360 philologicis
454 2297 586 2361 operam
615 2275 701 2361 dedi,
731 2275 857 2342 scilicet
884 2275 959 2343 inde
988 2298 1008 2342 a
1036 2297 1112 2343 vere
1140 2298 1170 2342 a.
1194 2277 1236 2344 82
1258 2297 1359 2361 usque

223 2379 268 2445 ad
291 2385 495 2446 auctumnum
518 2401 548 2446 a.
572 2382 614 2447 88
636 2379 819 2446 intermissa
842 2386 968 2446 aestate
992 2401 1021 2446 a.
1043 2381 1095 2464 85,
1120 2401 1216 2464 quam
1237 2381 1360 2447 valetu-

224 2483 307 2549 dinis
336 2504 451 2570 caussa
473 2485 538 2550 ruri
561 2483 646 2568 degi.
692 2486 880 2550 Docuerunt
902 2491 1011 2550 autem
1032 2506 1083 2549 me
1106 2484 1139 2549 hi
1162 2483 1222 2550 viri
1245 2484 1360 2551 doetis-

222 2588 308 2654 simi:
333 2588 469 2673 Curtius,
493 2588 592 2673 Diels,
610 2588 753 2674 Dilthey,
777 2589 817 2654 H.
830 2590 987 2674 Droysen,
1008 2588 1202 2673 Hirschfeld,
1218 2589 1360 2673 thner,

216 2692 260 2757 Ἀ.
273 2691 451 2776 Kirehhoff,
469 2693 618 2776 Paulson,
631 2692 762 2776 Rohert,
776 2691 923 2776 Soherer,
937 2691 1092 2777 Schmidt,
1106 2693 1146 2758 de
1159 2693 1361 2776 Treitschke‚

223 2796 359 2880 Vahlen,
382 2796 610 2879 Wattenbach,
634 2797 749 2862 Zeller.
803 2794 855 2860 Ad
878 2794 1126 2862 exercitationes
1149 2796 1362 2880 philologicas

223 2901 366 2983 Httbner,
390 2898 434 2963 ad
457 2898 685 2982 epigraphicas
700 2896 879 2981 Kirehhoff,
903 2899 947 2963 ad
962 2898 1131 2964 historicas
1146 2901 1186 2965 H.
1203 2902 1361 2986 Droysen,

224 3005 267 3070 ad
295 3002 560 3085 archaeologicas
589 3001 720 3084 Robert,
756 3000 800 3065 ad
828 3001 1031 3083 germanicas
1057 3002 1196 3068 Scherer
1222 3004 1362 3087 benigne

225 3109 348 3175 aditum
369 3106 446 3172 mihi
463 3105 683 3190 permiserunt.
715 3103 864 3186 Denique
880 3104 1051 3170 Seminarii
1065 3106 1160 3189 Regii
1176 3106 1362 3192 philologici

226 3213 346 3278 sodalis
368 3211 415 3277 fui
437 3210 625 3293 designatus
647 3229 705 3294 per
726 3229 793 3293 ser,
818 3207 996 3274 ordinarius
1011 3230 1069 3293 per
1084 3209 1134 3276 bis
1149 3231 1207 3278 sex
1221 3231 1362 3296 menses,

226 3316 437 3399 societatique
461 3314 670 3382 academicae
693 3310 911 3398 philologieae
926 3313 1126 3381 Berolinensi
1147 3314 1223 3382 inde
1246 3336 1362 3383 avere

228 3443 257 3487 a.
281 3422 324 3488 83
347 3419 486 3486 interfui.
1014 3426 1017 3432 '

314 3541 482 3624 Quantum,
497 3547 604 3607 autem
627 3539 766 3607 debeam
788 3538 864 3604 viris
883 3537 946 3605 illis
962 3537 1116 3626 omnihus,
1141 3560 1221 3623 quos
1236 3562 1362 3609 enume-

227 3643 307 3729 ravi,
330 3645 473 3730 inprimis
488 3647 525 3711 A.
542 3643 752 3728 Kirehhoifio,
774 3642 864 3708 cuius
878 3663 978 3729 saepe
995 3643 1123 3709 adiutus
1138 3664 1208 3710 sum
1222 3646 1362 3737 benigno

228 3749 549 3834 constitutarum,
573 3749 734 3832 Hubnero,
764 3739 919 3813 hocloco
941 3754 977 3813 ut
998 3748 1115 3813 vellem
1136 3748 1278 3832 profiteri
1300 3769 1364 3816 non

227 3872 365 3938 possum.
375 3882 379 3888 ·
390 3855 520 3922 Gratias
532 3874 595 3937 ago
608 3852 753 3920 omnihus
765 3851 1010 3918 candidissimas
1022 3872 1211 3937 semperque
1223 3851 1361 3921 habebo.

692 4146 898 4180 hum-¹4
