3167 4992
305 263 407 298 ⁸⁸00·
456 268 533 299 ,τι
576 267 631 286 ιο,

345 293 407 314 .ι.
577 296 643 318 ...Ι
700 287 710 302 0

452 313 460 330 ι
619 313 701 333 σοι

499 326 686 349 ‹····.·

725 391 762 400 ..
810 355 830 418 2
876 391 912 400 ..

249 547 391 606 actorem
425 541 597 625 primarum
630 542 769 625 partium
797 542 894 606 fnisse
923 541 1076 626 dicerent,
1111 543 1201 608 euius
1227 543 1384 627 opinionis

209 716 211 722 ,
247 645 339 710 testis
372 652 421 710 est
448 645 543 710 Vitae
573 644 717 729 scriptor,
753 645 841 730 apud
870 666 964 728 quem
992 646 1076 712 haec
1103 649 1205 712 verba
1230 647 1382 729 legimns:

246 749 434 834 ‘Yrroapruocl
456 749 714 834 Ἀριστοφάνους
729 748 968 834 Καλλίστρατος
990 751 1043 813 καὶ
1064 750 1255 835 Φιλωνίδης,
1281 751 1324 813 δι’
1339 750 1385 814 ὧν

246 852 397 916 ἐδίδασκε
424 853 464 915 τὰ
493 852 642 938 δράματα
668 851 786 916 ἑαυτοῦ
808 852 888 928 art,
915 875 977 919 nee
1001 853 1292 921 dissimilis‘exstat
1313 875 1383 920 Sen-

246 957 349 1024 tentia
382 957 471 1041 apud
504 957 610 1029 schol„
637 958 689 1021 Br.
724 957 768 1022 ad
801 958 884 1025 Nub.
920 979 965 1023 vs.
997 958 1076 1023 531:
1111 969 1191 1033 παῖς
1222 959 1251 1022 δ’
1275 957 1382 1044 ἑτέρας

249 1060 400 1146 δηλονότι
422 1059 439 1122 δ
459 1059 638 1144 Φιλωνίδης
653 1061 705 1122 καὶ
722 1059 739 1123 δ
755 1060 1005 1148 Καλλίστρατος,
1023 1058 1054 1124 oi
1069 1064 1201 1148 ὕστερον
1215 1063 1383 1145 γενόμενοι

246 1164 420 1250 ὑποκριταὶ
442 1167 501 1227 τοῦ
521 1163 788 1248 Ἀριστοφάνους.

333 1269 452 1334 Verum
485 1267 613 1350 quidem
648 1274 696 1332 est
729 1269 892 1334 nationem
919 1269 1091 1353 quandam,
1125 1276 1161 1334 ut
1188 1270 1235 1336 ita
1265 1271 1381 1354 dicam,

246 1373 433 1438 histrionum
464 1371 530 1436 iam
557 1371 665 1454 quinto
694 1393 723 1436 a.
754 1372 827 1438 Olrr.
855 1396 885 1438 n.
914 1374 1044 1438 saeculo
1071 1374 1206 1439 Athenis
1227 1374 1381 1459 flomisse,

247 1482 279 1542 ct
309 1480 435 1541 constat
465 1473 620 1558 exemplis
643 1480 757 1558 poetas
780 1474 813 1538 in
836 1475 953 1540 fabulis
976 1476 1041 1541 suis
1064 1477 1201 1559 agendis
1225 1484 1381 1543 certorum

247 1587 389 1646 actorum
413 1598 512 1662 opera
533 1577 672 1641 maxime
697 1583 729 1642 et
751 1599 857 1662 paene
884 1585 1068 1644 constanter
1087 1599 1161 1645 usos
1177 1600 1258 1665 esse,
1282 1602 1382 1663 quare

245 1683 492 1768 Aristophanem
514 1681 601 1746 idem
623 1681 738 1746 fecisse
762 1681 831 1748 veri
852 1703 916 1747 non
932 1689 981 1748 est
997 1683 1158 1748 dissimile.
1189 1684 1259 1751 Nee
1274 1691 1381 1750 tamen

246 1786 464 1854 Callistratum
485 1805 547 1850 nee
569 1784 771 1850 Philonidem
793 1785 978 1852 sollemnem
993 1786 1217 1870 Aristophanis
1240 1794 1381 1853 actorem

244 1891 342 1957 fuisse
373 1889 470 1956 facile
499 1895 548 1954 est
575 1890 619 1954 ad
647 1889 938 1954 demonstrandum.
987 1891 1031 1954 At
1058 1889 1260 1956 nihilominus
1284 1891 1382 1956 etiam

244 2001 354 2061 nostra
384 1999 493 2060 aetate
515 2014 578 2058 non
602 1993 726 2076 desunt,
758 1991 867 2075 quiin
890 1993 975 2058 hane
997 1992 1189 2058 sententiam
1212 1979 1382 2059 discedant

245 2106 278 2165 et
308 2097 525 2164 Callistratum
552 2102 650 2179 atque
677 2095 880 2162 Philonidem
909 2095 1079 2162 histriones
1109 2097 1207 2163 fuisse
1236 2098 1381 2164 omnibus

244 2202 364 2269 viribus
398 2201 608 2284 contendant,
650 2199 739 2265 cuius
773 2199 953 2265 sententiae
987 2206 1141 2285 patronus
1174 2201 1381 2284 gravissimus
1437 2241 1439 2245 .

245 2305 367 2372 exst‘tit
400 2305 588 2371 Theodorus
622 2305 718 2369 Koclr
750 2303 783 2367 in
818 2303 1036 2387 disputatione
1065 2305 1116 2370 De
1146 2305 1315 2371 Philonide
1349 2312 1382 2371 et

245 2408 437 2476 Callistrato.
482 2408 603 2490 Progr·
618 2428 725 2491 gymn.
751 2407 874 2472 (iuben.
904 2408 997 2472 1855.

329 2513 494 2580 Persuasit
526 2513 587 2578 sibi
620 2513 682 2578 hoc
716 2512 763 2576 vir
790 2512 904 2577 doctus
932 2533 972 2576 ea
999 2512 1137 2578 maxime
1166 2532 1282 2578 caussa
1310 2535 1381 2597 per-

244 2620 367 2702 ductus,
391 2616 477 2700 quod
499 2613 686 2680 incredibile
711 2635 781 2679 esse
805 2615 835 2680 ei
858 2615 1029 2680 videbatur
1044 2615 1291 2699 Aristophanem
1314 2616 1381 2700 ple-

242 2743 358 2805 rasque
391 2719 520 2786 fabulas
555 2717 627 2784 aliis
662 2718 871 2784 condonasse.
934 2719 1107 2804 ,Nimirum
1114 2770 1122 2803 ,
1161 2719 1232 2804 ipse
1265 2719 1379 2804 inquit,

243 2826 362 2911 optimo
377 2825 445 2890 iure
457 2823 628 2908 Amipsias,
642 2821 873 2906 Aristonymus,
886 2822 1044 2906 Sannyrio
1057 2829 1187 2907 poetam
1198 2822 1379 2908 misissent,

242 2930 269 2995 si
292 2928 413 2995 centies
436 2927 508 2993 aliis
531 2927 666 3010 gloriam
682 2926 837 2992 victoriae
853 2926 1049 3011 tradidisset,
1072 2926 1143 3010 ipse
1159 2932 1209 2991 ter
1225 2933 1381 3008 quaterve

243 3032 358 3099 vicisse
382 3031 461 3098 satis
483 3029 679 3095 habuisset.“
712 3031 826 3112 Itaque
850 3050 941 3094 suam
956 3029 1149 3095 sententiam
1164 3029 1236 3094 aliis
1253 3050 1380 3113 quoqne

241 3137 379 3221 probare
411 3140 544 3201 conatus
573 3140 631 3216 est,
667 3133 753 3216 quod
783 3153 855 3198 cum
885 3133 994 3198 faeere
1022 3154 1086 3198 non
1108 3139 1218 3217 posset
1239 3133 1301 3198 nisi
1323 3155 1381 3218 per

139 3236 141 3239 ’
241 3239 315 3325 rim,
351 3237 630 3304 ratiocinationem
658 3235 862 3301 debilissimis
892 3244 1016 3301 tantum
1044 3235 1246 3302 adminiculis
1275 3236 1380 3302 fulciri

243 3349 493 3410 consentaneum
517 3347 574 3406 est.
621 3339 713 3416 Quae
737 3338 889 3404 facillime
912 3344 1045 3423 possunt
1066 3337 1270 3405 labefactari.

327 3449 425 3512 Putat
458 3445 542 3510 enim
576 3443 721 3508 Kockins
748 3441 1006 3526 Aristophanem,
1042 3448 1220 3527 postquam¹
1245 3443 1380 3526 Equites

242 3549 312 3633 ipse
334 3548 470 3632 primam
493 3567 550 3612 sno
572 3547 699 3612 nomine
724 3544 923 3611 comoediam
946 3545 1100 3629 docuerit,
1127 3564 1256 3629 semper
1276 3545 1380 3630 ipsum

243 3651 426 3717 comoedias
456 3650 489 3714 in
518 3655 681 3718 certamen
709 3647 919 3731 commisisse,
952 3670 1026 3713 nam
1049 3668 1107 3714 eas
1129 3649 1267 3734 fabulas,
1296 3670 1379 3732 qnae

242 3761 317 3821 ante
345 3754 479 3837 Equites
508 3761 602 3819 actae
632 3759 714 3836 sunt,
750 3754 791 3818 ah
822 3752 894 3818 aliis
917 3753 1030 3818 doctas
1053 3773 1124 3818 esse
1147 3753 1379 3838 Aristophanes

240 3858 310 3943 ipse
343 3857 591 3923 luculentissime
622 3861 766 3922 testatur.
819 3856 913 3934 Quod
942 3857 989 3922 ita
1016 3877 1086 3922 esse
1116 3856 1245 3922 minime
1268 3863 1379 3941 aptum

241 3961 306 4028 fuir
330 3961 472 4046 opinioni
499 3960 626 4044 Kockii,
646 3946 731 4025 ¹cum
759 3960 846 4025 viam
873 3961 999 4043 ingredi
1030 3961 1150 4026 haere
1174 3965 1305 4026 coactus
1327 3960 1377 4044 sit,

152 4103 156 4112 ·
242 4086 325 4149 qnae
359 4064 457 4150 plane
491 4063 704 4148 improbanda
738 4071 796 4130 cst.
847 4065 931 4131 Nam
961 4085 1032 4129 cum
1059 4064 1091 4128 in
1116 4064 1312 4148 didascaliis,
1346 4063 1378 4128 in

242 4157 356 4253 quibus
384 4167 559 4252 Callistrati
592 4174 650 4233 aut
678 4167 856 4234 Philonidis
888 4168 1016 4232 nomina
1045 4169 1208 4252 leguntur,
1244 4173 1277 4233 et
1303 4173 1379 4232 ante

240 4273 374 4356 Equites
406 4281 438 4338 e't
465 4280 538 4360 post
565 4293 692 4358 semper·
715 4273 829 4336 eadem
858 4272 1002 4356 formula,
1033 4292 1116 4354 qnae
1140 4278 1190 4337 est
1214 4271 1380 4335 διδάσκειν

119 4364 123 4375 ’
161 4449 166 4462 ,
242 4376 351 4462 δρᾶμα
383 4375 439 4439 διά
465 4375 564 4450 τινος,
599 4375 705 4461 posita
732 4375 782 4458 sit,
818 4375 866 4440 vir
897 4375 1009 4440 doctus
1036 4375 1146 4441 faeere
1175 4397 1237 4440 non
1265 4375 1378 4459 potuit,

178 4465 345 4564 ···quin·'⁴
359 4480 596 4564 grammaticos
624 4479 833 4549 contenderet
870 4478 932 4543 hac
970 4477 1109 4543 dictione
1146 4479 1179 4542 in
1217 4478 1379 4562 duplicem
