3167 4992
673 357 881 420 ..11-

212 544 251 607 ori
280 545 342 630 γὰρ
371 543 413 606 δι’
443 543 561 608 ἑαυτοῦ
587 544 621 621 ἐξ
647 546 747 629 ἀρχῆς
774 548 898 629 καθῆκε
919 546 960 607 τὰ
982 545 1134 632 δράματα
1156 545 1174 608 ὁ
1196 545 1344 630 ποιητής,

209 646 345 732 εὐλαβὴς
360 649 417 722 civ,
442 686 484 696 -
506 647 856 728 618111111111111111711111
879 648 1015 733 εὐλαβὴς
1038 648 1074 711 δὲ
1096 649 1228 734 σφόδρα
1249 649 1344 727 γενό-

209 773 306 833 μενος
338 752 396 834 τὴν
428 752 530 837 ἀρχὴν
562 751 669 826 ἄλλως
701 776 735 815 τε
767 752 821 814 καὶ
848 753 970 836 εὐφυὴς
999 753 1040 814 τὰ
1066 753 1126 835 μὲν
1152 756 1266 839 πρῶτοι
1289 752 1346 815 διὰ

209 854 451 940 Καλλιστράτου
474 855 527 917 καὶ
555 855 738 920 Φιλωνίδου
761 859 871 918 καθίει
895 855 1054 941 δράματα.

296 959 381 1037 Quin
403 959 646 1045 Aristophanes,
679 981 750 1026 cum
773 962 988 1026 Daetalenses
1016 961 1180 1045 scriberet,
1209 961 1345 1046 peradu-
1443 976 1447 982 ·

209 1065 404 1129 lescentnlus
432 1063 537 1147 fuerit,
573 1062 713 1129 dubitari
741 1084 805 1129 non
832 1069 952 1148 potest3
987 1065 1028 1130 cf.
1059 1065 1158 1130 schol.
1190 1065 1233 1130 ad
1262 1065 1345 1130 Rau.

209 1168 333 1232 11501
357 1167 425 1232 fin:
450 1166 568 1248 σχεδὸν
590 1168 651 1254 γὰρ
673 1171 875 1253 μειρακίσκος
900 1168 960 1253 ἤδη
982 1171 1101 1253 ἥπτετο
1124 1172 1188 1233 τῶν
1210 1168 1346 1247 ἀγώνων

209 1274 266 1353 (sc.
286 1271 545 1357 Ἀριστοφάνης).
590 1272 703 1354 Neque
727 1271 825 1354 igitur
847 1278 905 1355 est,
929 1293 985 1337 cur
1007 1271 1056 1336 his
1080 1271 1201 1337 caussis
1217 1273 1259 1336 ab
1275 1272 1345 1356 ipso

208 1381 307 1459 poeta
330 1381 363 1439 et
385 1395 406 1439 a
428 1374 647 1457 grammaticis
662 1375 796 1458 prolatis
811 1374 907 1440 fidem
921 1396 985 1440 non
1000 1375 1187 1441 habeamur.
1217 1376 1346 1441 Archon

209 1479 339 1563 quidem
361 1479 473 1546 fabula
495 1480 640 1563 perlecta
662 1484 695 1545 et
718 1481 929 1565 comprobata
952 1480 1038 1545 haud
1061 1479 1128 1546 scio
1151 1481 1347 1546 anchorum

209 1583 307 1649 etiam
335 1583 576 1649 adulescentulo
605 1583 814 1666 concesserit3
842 1584 902 1649 sed
928 1583 1005 1666 quid
1033 1584 1206 1667 profuisset
1227 1585 1346 1650 Aristo-

209 1686 318 1770 phani,
341 1686 368 1752 si
387 1707 493 1752 rerum
508 1686 728 1752 scaenicorum
743 1687 909 1770 imperitus
924 1687 1069 1752 fabulam
1082 1689 1166 1754 hene
1181 1687 1346 1754 instituere

208 1791 420 1856 nescivisset?
458 1790 572 1858 Nonne
595 1790 772 1874 perieulum
796 1797 876 1874 erat,
904 1811 955 1875 ne,
985 1792 1130 1873 quamvis
1152 1793 1240 1857 bella
1263 1799 1348 1858 esset

210 1895 393 1978 comoedia,
429 1894 652 1960 exsibilaretur
686 1901 719 1960 et
753 1895 981 1979 exploderetur
1019 1901 1150 1980 propter
1186 1895 1346 1960 inscitiam

209 2001 325 2064 suam?
358 1999 430 2063 Huc
459 1997 597 2082 accedit,
626 1997 712 2080 quod
740 1998 858 2064 civium
881 2019 1008 2064 suornm
1030 1998 1154 2064 animos
1175 2000 1347 2064 mutabiles

210 2122 281 2169 esse
304 2104 356 2168 vel
378 2101 516 2167 maxime
540 2101 628 2166 haud
649 2101 831 2185 ignorabat,
856 2123 955 2184 quare
971 2102 1214 2168 Daetalcnsium
1234 2103 1347 2168 fabula

209 2208 328 2291 populo
351 2207 489 2290 probata
512 2205 680 2289 pretioque
700 2205 842 2270 secundo
859 2208 1005 2287 ornata1)
1027 2227 1091 2270 non
1107 2206 1227 2271 tumide
1243 2207 1347 2272 elatus

208 2311 352 2396 protinus
378 2331 397 2376 e
424 2310 565 2375 tenebris
594 2308 722 2393 prodiit,
756 2309 825 2392 sed,
860 2309 887 2374 si
916 2311 1028 2374 Musae
1056 2329 1134 2374 suae
1163 2315 1347 2376 constanter

209 2415 409 2500 plauderent,
436 2414 617 2479 inocculto
641 2419 831 2499 exspectare
854 2413 885 2480 ei
907 2413 1105 2499 propositum
1128 2421 1206 2479 erat.
1253 2414 1347 2491 Quod

209 2540 281 2584 cum
309 2538 498 2603 persuasum
525 2518 662 2583 haberet
688 2525 721 2583 et
748 2518 844 2583 amici
871 2517 1002 2601 notique
1032 2558 1068 2566 -
1101 2540 1176 2584 nam
1204 2517 1265 2584 nisi
1287 2520 1346 2584 hos

208 2625 312 2688 nullos
335 2642 406 2688 esse
430 2621 574 2696 πολλοὺς
597 2623 685 2707 αὐτῷ
708 2622 917 2707 προσιόντας,
941 2623 1022 2704 Equ.
1046 2644 1092 2688 vs
1109 2626 1183 2707 512,
1207 2626 1288 2707 luce,
1312 2631 1347 2689 111

210 2727 331 2811 opinor,
356 2726 473 2791 clarius
496 2733 545 2791 est
560 2765 602 2776 -—
619 2726 825 2792 vehementer
839 2732 1002 2810 rogarent,
1026 2748 1067 2793 ne
1084 2727 1202 2793 diutius
1217 2728 1348 2793 laudern

209 2830 373 2914 publicam
396 2830 489 2911 quasi
516 2829 692 2896 fastidiret:
717 2836 783 2895 tum
807 2830 945 2912 denique
969 2831 1038 2914 ipse
1062 2831 1192 2896 chorum
1214 2852 1271 2896 suo
1294 2853 1347 2896 no-

209 2935 293 3000 mine
322 2941 432 3019 petere
461 2935 644 3018 populoque
672 2954 782 2998 verum
805 2939 936 3017 poetam
958 2954 993 2999 sc
1016 2935 1186 3000 ostendere
1208 2935 1348 3000 animum

209 3038 344 3104 induxit.

295 3141 394 3225 Atqui
423 3148 536 3226 postea
564 3161 690 3223 quoque
720 3139 905 3206 Callistrato
933 3146 966 3204 et
988 3140 1148 3205 Philonidi
1170 3141 1347 3207 identidem

210 3247 338 3312 fabulas
361 3245 526 3312 docendas
547 3245 645 3310 dedit.
677 3244 786 3322 Quid?
815 3244 923 3309 Etiam
944 3251 1011 3310 tum
1026 3244 1201 3329 imperitior
1217 3245 1276 3324 fuit
1292 3253 1348 3311 aut

210 3343 301 3415 annis
331 3349 483 3415 inferior?
527 3350 601 3414 Alia
634 3348 787 3416 videlicet
820 3367 936 3414 caussa
969 3348 1117 3432 accessit,
1153 3370 1217 3431 qua
1243 3355 1347 3414 motus

210 3455 295 3521 hanc
316 3455 517 3540 potissimum
539 3455 667 3520 fabulas
691 3454 910 3520 committendi
932 3455 1090 3521 rationem
1111 3454 1190 3521 iniit.

295 3559 543 3645 Aristophanem
575 3565 668 3644 patre
702 3579 764 3624 non
795 3558 890 3642 inope
919 3559 997 3624 satis
1023 3558 1123 3624 nobili
1149 3561 1220 3625 loco
1244 3565 1346 3624 ortum

211 3684 281 3730 esse
304 3664 359 3729 diu
381 3665 577 3745 multumque
600 3663 633 3728 iu
655 3663 755 3747 ipsius
777 3669 893 3728 natura
915 3661 1097 3745 fabulisque
1117 3663 1346 3747 pernoscendis

209 3774 355 3834 versatus
374 3767 451 3833 mihi
466 3767 621 3852 persuasi.
656 3766 775 3833 Similis
790 3773 840 3832 est
854 3767 975 3832 Rankii
990 3767 1149 3832 sententia
1165 3766 1210 3848 (in
1227 3766 1345 3832 Comm.

210 3873 251 3938 de
274 3873 369 3937 Arist.
393 3871 461 3937 vita
484 3871 516 3935 in
539 3870 615 3937 edit.
639 3871 679 3937 B.
704 3870 893 3955 Thierschii,
918 3871 958 3936 of.
983 3893 1036 3956 ap.
1053 3870 1148 3936 Mein.
1165 3892 1241 3956 pag.
1258 3871 1344 3955 XII),

211 3977 264 4060 qui
282 3977 322 4042 de
335 3976 523 4060 parentibus
536 3981 654 4060 poetae
666 3977 764 4042 haec:
785 3976 846 4061 „At
858 3976 885 4039 si
896 3975 929 4039 in
941 3975 1000 4059 his,
1012 3974 1125 4058 inquit,
1142 3975 1346 4041 coniecturae

209 4086 259 4145 est
279 4081 378 4164 locus,
407 4101 503 4163 quum
525 4079 623 4145 filium
645 4079 804 4145 hominem
827 4100 903 4145 vere
926 4078 1077 4144 eximium
1098 4078 1346 4145 Atheniensibus

209 4183 428 4268 educaverint,
463 4183 527 4267 qui,
561 4184 615 4250 ubi
649 4183 783 4269 primurn
817 4183 850 4247 in
882 4182 961 4249 urbe
994 4181 1102 4266 patria
1135 4181 1203 4247 eius
1230 4204 1346 4250 nomen

281 4409 299 4478 ¹)
324 4409 424 4465 Schol:
444 4409 480 4462 ad
502 4408 578 4464 Nub.
600 4427 641 4465 us.
665 4410 728 4463 529:
758 4411 784 4460 ot
804 4408 856 4482 γὰρ
881 4408 932 4476 (se.
959 4407 1103 4475 Δαιταλῆς)
1127 4408 1261 4474 ἐνίκησαν,
1288 4410 1345 4464 ἐπεὶ

208 4495 329 4572 δεύτερος
346 4498 438 4569 ἐκρίθη
457 4496 486 4550 ἐν
504 4495 543 4564 τῷ
561 4495 689 4567 δράματι.
