3167 4992
667 331 877 420 -bl-

207 542 390 627 ὀλυμπιάδι
412 544 473 606 ἔτει
496 542 631 629 δευτέρῳ
653 543 699 617 εἷς
714 539 864 629 Ᾰήναια·’
882 543 935 605 καί
956 541 1045 607 dulcia
1059 547 1203 629 πρῶτος·
1232 540 1341 608 Φιλω-

180 643 183 648 ’
207 647 299 732 νίδης
326 646 501 733 Προάγωνι
536 646 700 734 δεύτερος,
735 645 869 711 Λεύκων
895 650 1052 733 Πρέσβεσι
1085 652 1199 735 τρίτος.
1249 647 1343 725 Quod

207 752 309 817 verba
343 750 399 814 διὰ
431 751 615 816 Φιλωνίδου
648 751 739 816 uncis
772 751 910 836 saepsit,
943 772 1029 817 nunc
1061 751 1201 817 omitto.¹
1232 752 1344 835 Nuper

208 853 307 920 ctiam
329 855 398 920 Leo
421 855 454 919 in
476 855 555 920 Mus.
580 849 725 921 Rhenan.
750 843 888 921 vol.'33.
911 876 988 939 pag.
1011 857 1077 920 404
1098 855 1255 921 audacter
1277 853 1345 938 egit

209 977 281 1022 cunr
313 957 376 1022 hac
406 957 595 1042 didascalia,
631 959 685 1041 qui
712 958 856 1024 similiter
884 959 1048 1042 scriberet,
1084 978 1278 1043 quamquam
1303 979 1344 1024 nc

209 1063 307 1128 verbo
341 1062 471 1144 quidem
497 1062 663 1128 Pcterseni
696 1062 913 1128 coniecturam
941 1061 1064 1144 attigit:
1098 1060 1265 1146 ἐδιδάχθη
1289 1060 1345 1125 εἰτὶ

208 1168 365 1252 ἄρχοντος
401 1167 563 1249 Ἀμεινίου
598 1153 654 1230 διὰ
691 1166 876 1230 Φιλωνίδου
912 1168 957 1240 εἷς
991 1166 1134 1251 Λήναια·
1172 1167 1225 1229 καὶ
1257 1164 1346 1230 ἐνίκα

210 1275 354 1356 πρῶτος·
386 1269 534 1356 δεύτερος
555 1269 594 1356 ἦν
621 1269 802 1354 Φιλωνίδης
824 1268 1010 1356 Προάγωνι,
1034 1269 1168 1334 Λεύκων
1192 1272 1346 1356 Πρέσβεσι
1386 1299 1393 1308 ·

210 1377 324 1459 τρίτος.
372 1374 467 1460 ,Und
489 1374 541 1439 ich
564 1374 619 1440 bin
641 1374 741 1457 vbllig
763 1375 949 1458 libcrzeugt‚
972 1373 1084 1458 inquit,
1109 1373 1185 1439 dass
1206 1373 1265 1438 wir
1290 1373 1351 1438 auf

211 1476 333 1556 diesem
359 1475 608 1543 mechanischen
630 1477 734 1560 Wege
757 1476 830 1543 eine
852 1497 935 1542 neue
958 1476 1144 1542 Thatsache
1167 1497 1347 1559 gewouncn

211 1579 333 1646 haben:
357 1580 589 1665 Aristophanes
611 1579 669 1644 hat
690 1579 748 1644 mit
770 1579 834 1646 dcn
848 1580 991 1664 Wespen
1013 1579 1102 1645 nicht
1122 1579 1186 1645 den
1200 1579 1346 1665 aweiten,

210 1683 349 1749 sondern
377 1683 440 1749 den
467 1689 574 1748 ersten
596 1682 687 1748 Preis
710 1683 898 1766 errungen.“
943 1683 1022 1748 Mihi
1045 1683 1174 1766 quidem
1196 1688 1348 1748 nontam

211 1808 398 1872 persuasum
432 1792 481 1853 est
508 1807 605 1869 quarn
635 1786 747 1870 Leoni,
782 1793 880 1870 atque
910 1786 964 1852 hic
994 1807 1119 1870 quoque
1142 1787 1259 1853 vellem
1282 1793 1348 1852 tarn

213 1890 350 1975 gloriose
379 1891 504 1957 locutus
533 1912 596 1956 non
627 1897 721 1957 essct.
766 1890 895 1957 Etenim
917 1891 1004 1973 quod
1025 1891 1058 1956 in
1080 1891 1144 1956 hac
1167 1890 1349 1956 didascalia

212 2015 328 2061 nomen
357 1994 432 2060 festi
457 1995 596 2079 positum
626 2001 674 2060 est
703 2001 777 2079 post
805 1995 1002 2060 notationem
1027 1993 1100 2078 loci,
1130 2014 1225 2077 quern
1251 2000 1349 2080 poeta

213 2099 359 2183 obtinuit,
383 2119 455 2164 curn
476 2099 509 2164 in
532 2098 604 2164 aliis
626 2098 778 2164 iudicium
801 2098 984 2165 certaminis
998 2105 1113 2184 postea
1127 2100 1264 2182 legatur,
1287 2098 1350 2164 hac

144 2280 146 2284 ⁸
213 2223 248 2268 rc
272 2202 421 2284 equidem
443 2223 507 2267 non
529 2204 705 2287 perturbor,
730 2203 882 2294 quoniam
901 2202 1102 2286 grammatici
1117 2202 1223 2287 prisco
1238 2203 1350 2268 ordine

214 2306 423 2372 didascalias'
440 2327 504 2371 non
530 2306 740 2391 scripserunt:
771 2327 812 2372 ne
836 2307 920 2372 duae
944 2305 1073 2389 quidem
1095 2311 1247 2384 accurate
1269 2305 1352 2371 inter

215 2430 250 2474 sc
274 2414 461 2492 congruunt.
508 2409 766 2487 Quamobrem
788 2409 868 2493 Leo,
890 2409 918 2474 si
941 2410 1041 2474 verba
1064 2407 1212 2494 δεύτερος
1232 2407 1272 2494 ἦν
1293 2428 1351 2474 ειιο
1462 2410 1466 2415 ’

215 2515 286 2578 loco
320 2512 503 2596 reliquisset
521 2517 640 2595 ‘neque
674 2511 718 2577 ad
747 2511 914 2578 arbitrium
941 2503 1205 2596 transposuisset,
1239 2511 1352 2577 melius

215 2616 354 2682 fecisset.
386 2615 535 2682 Profecto
553 2636 614 2698 ego
631 2637 651 2682 a
666 2612 734 2680 lali¹
744 2614 815 2680 ‘uia
829 2615 1034 2682 mechanica'-
1049 2635 1179 2700 prorsus
1194 2615 1351 2681 abhorreo
1466 2656 1468 2660 v

214 2741 320 2803 neque
349 2720 599 2786 didascaliarum
622 2719 848 2786 auctoritatem
870 2719 931 2785 nisi
953 2719 1038 2786 veris
1060 2724 1093 2785 et
1115 2719 1208 2785 iustis
1229 2715 1353 2785 caussis

215 2831 378 2907 permotus
401 2822 516 2907 frango
540 2830 595 2889 aut
619 2829 786 2890 contemno
797 2825 829 2906 ¹).
1354 2827 1357 2832 “

302 2946 417 3027 Itaque
440 2946 601 3028 Proagoni
623 2945 755 3012 fabulae
777 2945 988 3012 Philonideae
1011 2945 1218 3011 succubuisse
1233 2943 1352 3010 Aristo·

181 3051 185 3057 '
217 3049 379 3134 phaneam
401 3071 442 3114 ex
458 3050 637 3134 Vesparum
659 3050 840 3116 didascalia
863 3069 1061 3131 consequens
1083 3055 1142 3133 est,
1166 3048 1253 3130 quod
1274 3068 1353 3113 sane

217 3153 330 3218 rnirum
360 3173 431 3219 esse
459 3153 604 3218 diximus.
655 3154 769 3236 Neque
798 3159 907 3219 tamen
933 3153 968 3218 id
994 3154 1067 3218 volo
1095 3173 1250 3237 premere,
1282 3172 1354 3217 cum

218 3257 316 3322 etiam
337 3257 453 3322 Avium
482 3256 658 3341 comoedia,
690 3278 754 3340 qua
776 3258 871 3323 nulla
886 3256 954 3322 lere
977 3255 1091 3322 bellior
1113 3262 1169 3321 aut
1191 3256 1354 3322 venustior

218 3379 289 3424 esse
304 3359 417 3443 potuit,
441 3359 548 3444 pusilli
563 3359 728 3443 Amipsiae
745 3360 1045 3441 domissaroribus2)
1064 3358 1195 3426 inferior
1209 3359 1354 3426 iudicata

218 3462 267 3528 sit.
312 3463 452 3529 Nubium
473 3463 586 3529 fabula
609 3464 695 3547 quod
718 3463 846 3548 cecidit,
870 3471 960 3530 certa
975 3464 1128 3531 videlicet
1144 3484 1260 3530 caussa
1275 3463 1352 3529 fuit:

218 3567 368 3632 materies
394 3567 454 3633 fuit
482 3568 535 3633 vel
563 3575 786 3651 argumentum
816 3568 1013 3653 comoediae,
1049 3569 1135 3651 quod
1162 3573 1269 3652 pocta,
1300 3566 1355 3649 qui

291 3792 310 3861 ¹)
334 3793 378 3849 Ne
400 3793 450 3846 illa
476 3794 590 3863 quidem
612 3793 702 3849 verba
725 3794 753 3846 ἐν
776 3793 811 3866 τῇ
832 3794 881 3847 ηδ’
903 3786 1061 3861 ὀλυμπιάδι,
1089 3809 1162 3862 quac
1183 3793 1244 3847 Leo
1267 3791 1355 3861 plane

219 3880 313 3948 eiecit,
340 3878 507 3934 Dindorlius
539 3886 569 3934 et
600 3879 650 3933 alii
680 3880 761 3934 uncis
788 3879 974 3947 secluserunt,
1002 3893 1176 3948 expungam
1207 3895 1274 3932 nam
1300 3878 1356 3932 etsi

218 3967 314 4035 prisca
341 3983 376 4020 ea
403 3983 460 4020 non
487 3983 548 4020 esse
575 3971 684 4020 eertum
712 3972 764 4033 ost,
792 3972 889 4020 tamen
912 3966 1009 4020 nescio
1033 3982 1071 4020 an
1093 3967 1149 4018 ianr
1167 3964 1356 4018 Alexandrini

218 4053 397 4122 grammatici
417 4069 507 4106 annos
526 4051 720 4122 olympiadum
740 4051 907 4106 didascaliis
926 4051 1120 4122 ascripserint,
1139 4067 1227 4120 quare
1241 4056 1356 4120 nonest

221 4139 297 4207 quod
317 4139 388 4192 talia
407 4137 531 4192 delenda
550 4155 611 4193 esse
632 4156 806 4193 censeamus.

288 4242 309 4309 ²)
333 4240 364 4296 Si
388 4219 504 4311 quidem
529 4241 585 4296 fuit
608 4242 680 4296 haec
698 4241 847 4312 Amipsiae
870 4241 979 4297 fabula.
1015 4241 1089 4296 Vide
1113 4257 1157 4307 ca,
1185 4256 1258 4309 quae
1280 4239 1356 4294 infra

221 4329 421 4383 annotavimus
439 4345 505 4399 pag.
524 4329 565 4382 56.
602 4327 659 4382 sed
679 4329 739 4384 sive
761 4328 909 4398 Amipsiae
928 4327 984 4381 fuit
1001 4344 1052 4382 seu
1070 4324 1228 4395 Phrynichi
1247 4342 1356 4379 cornoc-

221 4415 281 4467 dia:
309 4421 386 4468 certe
411 4403 620 4484 Aristophanes
647 4414 777 4468 infcriori
803 4419 910 4485 poetae
938 4413 1121 4484 posthabitus
1149 4418 1202 4479 cst,
1229 4429 1293 4465 cunr
1320 4428 1356 4464 ue

220 4501 402 4570 Phrynichus
422 4501 535 4570 quidcnr
554 4499 742 4570 Aristophani
761 4508 916 4570 parasset.

1114 4588 1147 4639 4&
