3167 4992
675 297 978 404 -ss'-,

214 515 241 581 si
275 515 307 580 iu
340 515 520 581 universum
553 516 693 600 iudicaS,
726 513 866 581 luerunt*
893 517 1050 601 Lenaeis,
1072 518 1155 583 'alia
1187 518 1351 602 Dionysiis

214 619 353 703 magnis,
392 619 505 702 quibus
542 619 631 685 multi
670 619 749 686 socii
789 626 823 685 et
860 621 1022 704 peregrini
1055 623 1201 688 ludomm
1234 642 1350 688 caussa

214 724 359 789 Athenas
382 723 625 790 conveniebant.

301 827 367 892 Sed
389 827 509 892 reiecto
525 827 668 892 Richteri
687 827 859 899 ,conamine
873 827 939 892 iam
957 828 1063 894 acrius
1078 828 1177 894 instat
1193 829 1350 913 quaestio,

215 929 269 1013 qui
305 929 436 995 tandem
473 930 586 1020 verbis,
617 929 818 996 didascalice
854 930 1016 996 medelam
1052 934 1240 1016 afferamus,
1280 954 1351 998 cum

166 1040 169 1046 ’
214 1033 398 1100 Philonides
420 1055 516 1100 unum
538 1040 661 1100 tantum
684 1034 816 1099 chorum
837 1033 1010 1118 impetrare
1033 1035 1183 1120 potuerit.
1215 1036 1309 1114 Quod
1324 1037 1351 1101 si

213 1145 301 1204 recte
324 1158 421 1223 supra
444 1137 676 1222 disputavimus
700 1137 740 1202 de
763 1143 862 1222 poeta
885 1138 981 1203 etde
1004 1139 1137 1223 vicario,
1166 1139 1353 1205 facillimum
1436 1193 1439 1197 ,

214 1242 275 1308 hoc
291 1249 340 1308 est
353 1242 527 1326 negotium,
544 1263 615 1307 cum
631 1263 672 1307 ex
688 1241 744 1324 eis,
761 1261 845 1324 quae
860 1241 906 1305 ibi
922 1241 1135 1327 exposuimus,
1152 1264 1352 1327 consequens

214 1346 270 1430 sit,
305 1353 340 1411 ut
372 1346 443 1431 ipse
472 1343 704 1430 Aristophanes
733 1363 795 1410 ‘suo
828 1345 955 1410 nomine
985 1346 1111 1430 Vespas
1138 1347 1172 1411 in
1199 1329 1351 1413 scaenam

215 1450 415 1516 commiserit.
446 1450 530 1516 Nam
553 1455 585 1514 et
609 1455 677 1514 tota
699 1448 870 1534 parabasis
892 1455 925 1514 et
948 1449 1036 1515 chori
1051 1470 1162 1516 versus
1180 1452 1264 1517 1284
1278 1470 1348 1533 sqq.

214 1555 247 1618 in
280 1553 468 1619 enarrandis
494 1553 717 1636 Aristophanis
750 1554 847 1618 rebus
880 1560 1056 1639 versantur,
1092 1575 1191 1637 quare
1220 1555 1350 1620 chorum

139 1719 142 1725 .
214 1657 305 1742 posci
327 1677 407 1741 opus
430 1656 554 1721 fuit‘ab
577 1656 647 1741 ipso
671 1662 777 1741 poeta,
807 1663 841 1722 ut
863 1677 884 1722 a·
906 1678 1067 1741 praecone
1090 1679 1201 1724 coram
1223 1666 1349 1744 speeta-

215 1761 336 1836 toribus
368 1760 554 1827 nominatim
587 1761 815 1844 appellaretur.
865 1761 899 1826 Si
929 1761 1114 1828 Philonides
1141 1763 1267 1847 Vespas
1295 1763 1349 1828 do·

215 1865 342 1948 ouisset,
377 1863 547 1948 parabasis
580 1863 716 1948 intelligi
749 1864 781 1929 in
815 1865 941 1930 theatro
975 1885 1105 1949 prorsus
1137 1888 1201 1931 uon
1230 1867 1349 1950 potuit3

215 1976 312 2053 atque
346 1969 513 2035 ridiculum
547 1969 668 2051 fuisset,
703 1969 730 2033 si
756 1969 989 2053 Aristophanes
1023 1969 1064 2034 de
1097 1969 1256 2054 prioribus
1285 1970 1350 2035 suis

215 2075 389 2140 comoediis
423 2074 528 2139 alieno
562 2073 688 2139 nomine
723 2073 898 2138 commissis
932 2073 1133 2158 exposuisset
1166 2074 1199 2139 in
1228 2075 1349 2158 fabula,

216 2199 300 2262 quae
322 2179 394 2262 ipsa
417 2177 522 2243 alieno
545 2176 671 2242 nomine
694 2176 727 2241 in
750 2197 903 2242 scaenam
925 2177 1138 2244 induceretur.

282 2283 372 2346 'Hoc
405 2280 566 2363 quondam
594 2286 626 2344 et
654 2279 800 2344 Rankius
827 2286 1048 2364 perspexerat,
1084 2280 1137 2362 qui
1165 2280 1280 2346 eadem
1310 2281 1351 2345 de

216 2405 332 2450 caussa
355 2386 533 2467 Vesparum
556 2383 810 2449 commissionem
829 2384 1037 2467 Aristophani
1058 2384 1243 2454 restituerat
1263 2384 1351 2448 nisus

217 2509 342 2571 quoque
371 2489 455 2571 lege,
487 2508 583 2568 quam
611 2486 806 2569 vocavimus,
835 2485 1124 2569 grammaticorum.
1170 2489 1252 2552 Tum
1275 2508 1351 2552 vero

216 2614 268 2677 ap.
285 2591 380 2656 Mein.
404 2611 480 2680 pag.
496 2590 641 2656 XXXIX
664 2590 824 2656 sententia
839 2595 963 2656 mutata
978 2590 1191 2656 didasoaliam
1206 2589 1352 2656 laudavit

217 2702 249 2761 et
281 2702 448 2778 utramque
482 2694 626 2759 fabulam
659 2715 679 2758 a
713 2693 882 2761 Philonide
917 2693 1045 2759 doctam
1077 2715 1148 2760 esse
1176 2694 1350 2760 contendit.

217 2800 308 2882 Lege
333 2799 390 2863 illa
417 2799 706 2882 grammaticorum,
735 2817 800 2880 qua
822 2798 983 2865 Rankium
1012 2799 1172 2881 quondam
1200 2798 1352 2863 confisum

218 2921 289 2967 esse
315 2902 410 2966 modo
439 2901 515 2985 dixi,
542 2901 575 2964 in
604 2901 741 2966 eandem
764 2900 956 2968 sententiam
977 2903 1171 2967 Petersenus
1192 2893 1368 2966 admouit.

218 3006 302 3072 Nam
336 3025 407 3069 oum
434 3004 666 3088 Aristophanes
700 3004 829 3070 fabulas
857 3004 1006 3088 politicas
1032 3004 1192 3069 Philonidi
1223 3005 1352 3070 dedisse

218 3130 281 3173 non
303 3107 520 3192 perhibeatur,
544 3108 593 3172 vir
617 3106 730 3172 doctus
745 3107 881 3192 Vespas,
906 3107 1026 3192 quippe
1042 3108 1170 3175 sumsit
1186 3108 1355 3172 comoedia

219 3212 365 3297 politica,
401 3212 442 3277 ab
476 3211 538 3276 hoo
571 3211 779 3276 abiudicavit.
836 3207 949 3293 Neque
984 3232 1060 3276 vero
1094 3211 1127 3275 in
1160 3211 1223 3275 hac
1256 3232 1290 3276 re
1325 3210 1354 3275 ei

219 3314 366 3406 assentiri
389 3335 527 3398 possum,
553 3314 628 3397 quia
651 3315 735 3379 hanc
757 3315 873 3397 legem,
898 3322 932 3378 ut
951 3313 1001 3379 bis
1016 3315 1081 3379 ianr
1096 3314 1212 3398 monui,
1236 3313 1355 3379 Aristo-

219 3420 342 3504 phanes
379 3419 440 3484 sibi
473 3418 542 3502 ipse
577 3424 664 3484 certe
697 3439 760 3484 non
794 3418 953 3502 imposuit,
993 3419 1056 3484 sed·
1086 3419 1294 3512 grammatici·
1322 3417 1355 3482 in

219 3523 400 3588 universum
423 3523 604 3588 indicantes
623 3522 823 3587 hauddubie
840 3543 858 3587 e
875 3522 993 3588 fabulis
1008 3523 1216 3605 collegamnt.
1248 3522 1354 3599 Quare

220 3626 282 3692 bac
309 3628 382 3710 lege
409 3626 489 3692 fides
518 3625 768 3691 didasoaliarum
795 3625 922 3690 minime
946 3626 1044 3691 debet
1066 3625 1267 3692 labefactari.
1313 3627 1356 3688 At

221 3731 377 3814 quoniam.
403 3729 475 3795 aliis
509 3729 631 3795 caussis
657 3729 836 3813 Vesparum
868 3729 1121 3796 commissionem
1148 3728 1355 3812 Aristophani

178 3905 180 3908 ,
219 3835 281 3920 ipsi
304 3835 443 3903 tribuere
467 3834 619 3918 cogimur,
643 3835 837 3899 Petersenus
860 3834 944 3898 falsa
967 3833 1021 3898 ria
1044 3832 1088 3897 ad
1110 3853 1220 3897 verum
1235 3831 1356 3896 exitum

219 3939 375 4024 pervenit.
422 3939 536 4021 Itaque
567 3938 679 4006 verba,
698 3937 754 4000 διὰ
788 3936 985 4010 Φιλωνίδου,
1017 3956 1100 4019 quae
1129 3934 1224 4000 hodie
1254 3925 1355 3998 iu'ui-

220 4042 380 4108 dascalia·
395 4043 552 4125 leguntur,
582 4040 672 4106 uncis
703 4041 833 4106 seclusit
859 4046 895 4104 ut
922 4038 1149 4123 expungenda,
1179 4059 1243 4120 qua
1265 4037 1298 4101 in
1319 4059 1355 4103 re

221 4167 292 4212 curn
326 4166 365 4212 eo
393 4143 566 4210 consentio.
624 4144 789 4222 Quomodo
823 4144 906 4209 haec
940 4143 1040 4208 verba
1073 4141 1267 4225 irrepserint,
1301 4141 1356 4206 vix

220 4256 326 4334 potest
350 4248 535 4332 diiudicari,
565 4248 641 4314 licet
664 4248 801 4313 fortasse
825 4246 970 4312 conicere
993 4245 1198 4310 Aristotelem
1220 4244 1252 4308 in
1275 4244 1355 4310 libro

221 4375 277 4420 suo
312 4354 352 4420 de
382 4353 561 4418 actionibus
592 4351 720 4436 scripto,
750 4358 921 4436 postquam
948 4350 1032 4431 hanc
1061 4349 1273 4414 didasoaliam
1303 4370 1356 4414 ex-

221 4457 337 4541 hibuit,
357 4456 489 4548 ·paucis
523 4456 642 4522 dixisse
676 4457 876 4540 Proagonem
909 4453 1180 4540 Aristophaneam
1212 4453 1356 4518 fabulam
