<?xml version="1.0" encoding="UTF-8"?>
<!DOCTYPE html PUBLIC "-//W3C//DTD XHTML 1.0 Transitional//EN"
    "http://www.w3.org/TR/xhtml1/DTD/xhtml1-transitional.dtd">
<html xmlns="http://www.w3.org/1999/xhtml" xml:lang="en" lang="en">
 <head>
  <title>
</title>
<meta http-equiv="Content-Type" content="text/html;charset=utf-8" />
  <meta name='ocr-system' content='tesseract 3.04.00' />
  <meta name='ocr-capabilities' content='ocr_page ocr_carea ocr_par ocr_line ocrx_word'/>
</head>
<body>
  <div class='ocr_page' id='page_1' title='image "./decallistratoet01briegoog_0064.png"; bbox 0 0 3167 4992; ppageno 0'>
   <div class='ocr_carea' id='block_1_1' title="bbox 688 293 903 408">
    <p class='ocr_par' dir='ltr' id='par_1_1' title="bbox 688 293 903 408">
     <span class='ocr_line' id='line_1_1' title="bbox 688 293 903 408; baseline 0.009 -16"><span class='ocrx_word' id='word_1_1' title='bbox 688 382 729 392; x_wconf 88' lang='lat'>--</span> <span class='ocrx_word' id='word_1_2' title='bbox 767 293 816 408; x_wconf 58' lang='lat'>&#39;55</span> <span class='ocrx_word' id='word_1_3' title='bbox 861 381 903 394; x_wconf 90' lang='lat'>..</span> 
     </span>
    </p>
   </div>
   <div class='ocr_carea' id='block_1_2' title="bbox 222 531 1359 929">
    <p class='ocr_par' dir='ltr' id='par_1_2' title="bbox 222 531 1359 929">
     <span class='ocr_line' id='line_1_2' title="bbox 222 531 1357 618; baseline -0.002 -20"><span class='ocrx_word' id='word_1_4' title='bbox 222 533 330 618; x_wconf 82' lang='lat' dir='ltr'>fuisse,</span> <span class='ocrx_word' id='word_1_5' title='bbox 359 533 417 599; x_wconf 92' lang='lat' dir='ltr'>sed</span> <span class='ocrx_word' id='word_1_6' title='bbox 446 531 502 595; x_wconf 81' lang='grc' dir='ltr'>διὰ</span> <span class='ocrx_word' id='word_1_7' title='bbox 528 532 712 595; x_wconf 73' lang='grc' dir='ltr'><em>Φιλωνίδου</em></span> <span class='ocrx_word' id='word_1_8' title='bbox 740 533 869 599; x_wconf 90' lang='lat' dir='ltr'>doctam</span> <span class='ocrx_word' id='word_1_9' title='bbox 897 553 979 616; x_wconf 88' lang='lat' dir='ltr'>esse,</span> <span class='ocrx_word' id='word_1_10' title='bbox 1012 554 1095 615; x_wconf 90' lang='lat' dir='ltr'>quae</span> <span class='ocrx_word' id='word_1_11' title='bbox 1118 534 1219 598; x_wconf 89' lang='lat' dir='ltr'>verba</span> <span class='ocrx_word' id='word_1_12' title='bbox 1243 534 1285 601; x_wconf 89' lang='lat' dir='ltr'>ab</span> <span class='ocrx_word' id='word_1_13' title='bbox 1308 553 1357 615; x_wconf 90' lang='lat' dir='ltr'>eo,</span> 
     </span>
     <span class='ocr_line' id='line_1_3' title="bbox 223 635 1359 722; baseline -0.003 -19"><span class='ocrx_word' id='word_1_14' title='bbox 223 637 277 719; x_wconf 91' lang='lat' dir='ltr'>qui</span> <span class='ocrx_word' id='word_1_15' title='bbox 306 636 422 722; x_wconf 87' lang='lat' dir='ltr'>Vespis</span> <span class='ocrx_word' id='word_1_16' title='bbox 456 635 668 701; x_wconf 89' lang='lat' dir='ltr'>didascaliam</span> <span class='ocrx_word' id='word_1_17' title='bbox 702 635 924 721; x_wconf 73' lang='lat' dir='ltr'>praescripsit,</span> <span class='ocrx_word' id='word_1_18' title='bbox 959 637 1041 702; x_wconf 85' lang='lat' dir='ltr'>falso</span> <span class='ocrx_word' id='word_1_19' title='bbox 1074 639 1179 703; x_wconf 91' lang='lat' dir='ltr'>relata</span> <span class='ocrx_word' id='word_1_20' title='bbox 1212 643 1287 702; x_wconf 92' lang='lat' dir='ltr'>sunt</span> <span class='ocrx_word' id='word_1_21' title='bbox 1316 636 1359 701; x_wconf 88' lang='lat' dir='ltr'>ad</span> 
     </span>
     <span class='ocr_line' id='line_1_4' title="bbox 222 739 1359 824; baseline 0.001 -20"><span class='ocrx_word' id='word_1_22' title='bbox 222 741 307 806; x_wconf 91' lang='lat' dir='ltr'>hanc</span> <span class='ocrx_word' id='word_1_23' title='bbox 340 740 442 824; x_wconf 85' lang='lat' dir='ltr'>ipsam</span> <span class='ocrx_word' id='word_1_24' title='bbox 477 739 630 805; x_wconf 87' lang='lat' dir='ltr'>fabulam.</span> <span class='ocrx_word' id='word_1_25' title='bbox 682 740 835 806; x_wconf 79' lang='lat' dir='ltr'><strong>Attamen</strong></span> <span class='ocrx_word' id='word_1_26' title='bbox 866 740 930 806; x_wconf 91' lang='lat' dir='ltr'>alio</span> <span class='ocrx_word' id='word_1_27' title='bbox 958 761 1085 824; x_wconf 90' lang='lat' dir='ltr'>quoque</span> <span class='ocrx_word' id='word_1_28' title='bbox 1114 762 1221 807; x_wconf 87' lang='lat' dir='ltr'>errore</span> <span class='ocrx_word' id='word_1_29' title='bbox 1250 740 1359 806; x_wconf 91' lang='lat' dir='ltr'>nescio</span> 
     </span>
     <span class='ocr_line' id='line_1_5' title="bbox 224 844 887 929; baseline 0 -19"><span class='ocrx_word' id='word_1_30' title='bbox 224 865 286 927; x_wconf 91' lang='lat' dir='ltr'>quo</span> <span class='ocrx_word' id='word_1_31' title='bbox 308 846 392 911; x_wconf 87' lang='lat' dir='ltr'>haec</span> <span class='ocrx_word' id='word_1_32' title='bbox 415 844 559 910; x_wconf 84' lang='lat' dir='ltr'>confusio</span> <span class='ocrx_word' id='word_1_33' title='bbox 582 850 654 910; x_wconf 90' lang='lat' dir='ltr'>orta</span> <span class='ocrx_word' id='word_1_34' title='bbox 676 864 747 910; x_wconf 89' lang='lat' dir='ltr'>esse</span> <span class='ocrx_word' id='word_1_35' title='bbox 770 850 887 929; x_wconf 88' lang='lat' dir='ltr'>potest.</span> 
     </span>
    </p>
   </div>
   <div class='ocr_carea' id='block_1_3' title="bbox 223 955 1370 2803">
    <p class='ocr_par' dir='ltr' id='par_1_3' title="bbox 223 955 1370 2803">
     <span class='ocr_line' id='line_1_6' title="bbox 308 955 1360 1042; baseline -0.002 -19"><span class='ocrx_word' id='word_1_36' title='bbox 308 955 403 1024; x_wconf 89' lang='lat' dir='ltr'>Duae</span> <span class='ocrx_word' id='word_1_37' title='bbox 436 957 534 1042; x_wconf 90' lang='lat' dir='ltr'>igitur</span> <span class='ocrx_word' id='word_1_38' title='bbox 560 963 633 1023; x_wconf 92' lang='lat' dir='ltr'>sunt</span> <span class='ocrx_word' id='word_1_39' title='bbox 660 977 810 1040; x_wconf 88' lang='lat' dir='ltr'>caussae,</span> <span class='ocrx_word' id='word_1_40' title='bbox 845 956 959 1040; x_wconf 89' lang='lat' dir='ltr'>quibus</span> <span class='ocrx_word' id='word_1_41' title='bbox 986 957 1112 1041; x_wconf 89' lang='lat' dir='ltr'>Vespas</span> <span class='ocrx_word' id='word_1_42' title='bbox 1141 979 1162 1022; x_wconf 92' lang='lat' dir='ltr'>a</span> <span class='ocrx_word' id='word_1_43' title='bbox 1190 956 1360 1021; x_wconf 80' lang='lat' dir='ltr'>Philonide</span> 
     </span>
     <span class='ocr_line' id='line_1_7' title="bbox 225 1060 1361 1144; baseline -0.001 -18"><span class='ocrx_word' id='word_1_44' title='bbox 225 1061 450 1127; x_wconf 90' lang='lat' dir='ltr'>abiudicantes</span> <span class='ocrx_word' id='word_1_45' title='bbox 473 1060 610 1144; x_wconf 82' lang='lat' dir='ltr'>nitimur,</span> <span class='ocrx_word' id='word_1_46' title='bbox 635 1066 667 1126; x_wconf 89' lang='lat' dir='ltr'>et</span> <span class='ocrx_word' id='word_1_47' title='bbox 690 1061 826 1126; x_wconf 86' lang='lat' dir='ltr'>fulciunt</span> <span class='ocrx_word' id='word_1_48' title='bbox 841 1060 903 1126; x_wconf 91' lang='lat' dir='ltr'>hae</span> <span class='ocrx_word' id='word_1_49' title='bbox 919 1080 1055 1126; x_wconf 76' lang='lat' dir='ltr'>caussae</span> <span class='ocrx_word' id='word_1_50' title='bbox 1071 1061 1155 1126; x_wconf 88' lang='lat' dir='ltr'>inter</span> <span class='ocrx_word' id='word_1_51' title='bbox 1170 1081 1215 1126; x_wconf 89' lang='lat' dir='ltr'>se.</span> <span class='ocrx_word' id='word_1_52' title='bbox 1247 1063 1361 1142; x_wconf 91' lang='lat' dir='ltr'>Itaque</span> 
     </span>
     <span class='ocr_line' id='line_1_8' title="bbox 224 1164 1360 1248; baseline -0.003 -18"><span class='ocrx_word' id='word_1_53' title='bbox 224 1165 364 1232; x_wconf 86' lang='lat' dir='ltr'>Lenaeis</span> <span class='ocrx_word' id='word_1_54' title='bbox 387 1165 462 1230; x_wconf 90' lang='lat' dir='ltr'>anni</span> <span class='ocrx_word' id='word_1_55' title='bbox 484 1165 548 1229; x_wconf 78' lang='lat'>422</span> <span class='ocrx_word' id='word_1_56' title='bbox 573 1164 657 1230; x_wconf 87' lang='lat' dir='ltr'>duae</span> <span class='ocrx_word' id='word_1_57' title='bbox 681 1164 868 1230; x_wconf 89' lang='lat' dir='ltr'>comoediae</span> <span class='ocrx_word' id='word_1_58' title='bbox 884 1164 1142 1248; x_wconf 88' lang='lat' dir='ltr'>Aristophaneae</span> <span class='ocrx_word' id='word_1_59' title='bbox 1166 1170 1263 1230; x_wconf 88' lang='lat' dir='ltr'>actae</span> <span class='ocrx_word' id='word_1_60' title='bbox 1278 1170 1360 1246; x_wconf 91' lang='lat' dir='ltr'>sunt,</span> 
     </span>
     <span class='ocr_line' id='line_1_9' title="bbox 225 1267 1361 1352; baseline -0.002 -19"><span class='ocrx_word' id='word_1_61' title='bbox 225 1289 358 1351; x_wconf 89' lang='lat' dir='ltr'>quarum</span> <span class='ocrx_word' id='word_1_62' title='bbox 372 1270 521 1339; x_wconf 77' lang='lat' dir='ltr'>‚alteram</span> <span class='ocrx_word' id='word_1_63' title='bbox 548 1273 646 1352; x_wconf 89' lang='lat' dir='ltr'>poeta</span> <span class='ocrx_word' id='word_1_64' title='bbox 673 1267 753 1352; x_wconf 88' lang='lat' dir='ltr'>ipse,</span> <span class='ocrx_word' id='word_1_65' title='bbox 784 1269 920 1333; x_wconf 91' lang='lat' dir='ltr'>alteram</span> <span class='ocrx_word' id='word_1_66' title='bbox 942 1267 1128 1333; x_wconf 85' lang='lat' dir='ltr'>Philonides</span> <span class='ocrx_word' id='word_1_67' title='bbox 1152 1267 1251 1333; x_wconf 91' lang='lat' dir='ltr'>dedit.</span> <span class='ocrx_word' id='word_1_68' title='bbox 1298 1268 1361 1332; x_wconf 83' lang='lat' dir='ltr'>Cur</span> 
     </span>
     <span class='ocr_line' id='line_1_10' title="bbox 224 1370 1361 1455; baseline -0.003 -18"><span class='ocrx_word' id='word_1_69' title='bbox 224 1371 456 1455; x_wconf 80' lang='lat' dir='ltr'>Aristophanes</span> <span class='ocrx_word' id='word_1_70' title='bbox 484 1370 565 1436; x_wconf 89' lang='lat' dir='ltr'>duas</span> <span class='ocrx_word' id='word_1_71' title='bbox 591 1370 684 1435; x_wconf 89' lang='lat' dir='ltr'>simul</span> <span class='ocrx_word' id='word_1_72' title='bbox 711 1370 840 1436; x_wconf 83' lang='lat' dir='ltr'>fabulas</span> <span class='ocrx_word' id='word_1_73' title='bbox 867 1370 900 1434; x_wconf 93' lang='lat' dir='ltr'>in</span> <span class='ocrx_word' id='word_1_74' title='bbox 930 1377 1092 1436; x_wconf 88' lang='lat' dir='ltr'>certamen</span> <span class='ocrx_word' id='word_1_75' title='bbox 1115 1371 1361 1436; x_wconf 90' lang='lat' dir='ltr'>committendas</span> 
     </span>
     <span class='ocr_line' id='line_1_11' title="bbox 226 1473 1362 1559; baseline -0.002 -19"><span class='ocrx_word' id='word_1_76' title='bbox 226 1473 394 1559; x_wconf 80' lang='lat' dir='ltr'>curaverit,</span> <span class='ocrx_word' id='word_1_77' title='bbox 419 1494 545 1558; x_wconf 90' lang='lat' dir='ltr'>semper</span> <span class='ocrx_word' id='word_1_78' title='bbox 560 1473 769 1558; x_wconf 83' lang='lat' dir='ltr'>ignorabitur.</span> <span class='ocrx_word' id='word_1_79' title='bbox 801 1473 949 1539; x_wconf 93' lang='lat' dir='ltr'>Voluitne</span> <span class='ocrx_word' id='word_1_80' title='bbox 965 1495 1173 1558; x_wconf 88' lang='lat' dir='ltr'>praecavere,</span> <span class='ocrx_word' id='word_1_81' title='bbox 1190 1495 1230 1539; x_wconf 90' lang='lat' dir='ltr'>ne</span> <span class='ocrx_word' id='word_1_82' title='bbox 1246 1474 1362 1540; x_wconf 91' lang='lat' dir='ltr'>iterum</span> 
     </span>
     <span class='ocr_line' id='line_1_12' title="bbox 226 1577 1362 1663; baseline -0.003 -18"><span class='ocrx_word' id='word_1_83' title='bbox 226 1577 461 1663; x_wconf 83' lang='lat' dir='ltr'>exploderetur,</span> <span class='ocrx_word' id='word_1_84' title='bbox 493 1597 564 1643; x_wconf 92' lang='lat' dir='ltr'>cum</span> <span class='ocrx_word' id='word_1_85' title='bbox 593 1579 727 1643; x_wconf 88' lang='lat' dir='ltr'>alteram</span> <span class='ocrx_word' id='word_1_86' title='bbox 756 1577 902 1644; x_wconf 86' lang='lat' dir='ltr'>fabulam</span> <span class='ocrx_word' id='word_1_87' title='bbox 923 1577 1098 1643; x_wconf 87' lang='lat' dir='ltr'>seeundum</span> <span class='ocrx_word' id='word_1_88' title='bbox 1121 1580 1235 1644; x_wconf 91' lang='lat' dir='ltr'>saltem</span> <span class='ocrx_word' id='word_1_89' title='bbox 1257 1580 1362 1643; x_wconf 91' lang='lat' dir='ltr'>locum</span> 
     </span>
     <span class='ocr_line' id='line_1_13' title="bbox 226 1681 1362 1765; baseline -0.002 -16"><span class='ocrx_word' id='word_1_90' title='bbox 226 1683 370 1750; x_wconf 89' lang='lat' dir='ltr'>obtinere</span> <span class='ocrx_word' id='word_1_91' title='bbox 400 1702 533 1748; x_wconf 89' lang='lat' dir='ltr'>necesse</span> <span class='ocrx_word' id='word_1_92' title='bbox 562 1687 656 1765; x_wconf 87' lang='lat' dir='ltr'>esset,</span> <span class='ocrx_word' id='word_1_93' title='bbox 686 1681 812 1749; x_wconf 91' lang='lat' dir='ltr'>etiamsi</span> <span class='ocrx_word' id='word_1_94' title='bbox 841 1684 945 1748; x_wconf 88' lang='lat' dir='ltr'>altera</span> <span class='ocrx_word' id='word_1_95' title='bbox 973 1682 1129 1749; x_wconf 81' lang='lat' dir='ltr'>caderet?</span> <span class='ocrx_word' id='word_1_96' title='bbox 1172 1683 1362 1748; x_wconf 90' lang='lat' dir='ltr'>Instabatne</span> 
     </span>
     <span class='ocr_line' id='line_1_14' title="bbox 225 1785 1370 1870; baseline -0.002 -18"><span class='ocrx_word' id='word_1_97' title='bbox 225 1788 362 1852; x_wconf 88' lang='lat' dir='ltr'>fortasse</span> <span class='ocrx_word' id='word_1_98' title='bbox 377 1785 573 1868; x_wconf 91' lang='lat' dir='ltr'>Philonides,</span> <span class='ocrx_word' id='word_1_99' title='bbox 597 1807 669 1851; x_wconf 90' lang='lat' dir='ltr'>cnm</span> <span class='ocrx_word' id='word_1_100' title='bbox 691 1793 790 1870; x_wconf 90' lang='lat' dir='ltr'>poeta</span> <span class='ocrx_word' id='word_1_101' title='bbox 812 1806 869 1852; x_wconf 89' lang='lat' dir='ltr'>suo</span> <span class='ocrx_word' id='word_1_102' title='bbox 892 1786 1019 1851; x_wconf 93' lang='lat' dir='ltr'>nomine</span> <span class='ocrx_word' id='word_1_103' title='bbox 1035 1786 1213 1870; x_wconf 89' lang='lat' dir='ltr'>Vesparum</span> <span class='ocrx_word' id='word_1_104' title='bbox 1234 1786 1370 1851; x_wconf 67' lang='lat' dir='ltr'>chorum·</span> 
     </span>
     <span class='ocr_line' id='line_1_15' title="bbox 223 1888 1364 1974; baseline -0.002 -20"><span class='ocrx_word' id='word_1_105' title='bbox 223 1891 290 1955; x_wconf 90' lang='lat' dir='ltr'>iam</span> <span class='ocrx_word' id='word_1_106' title='bbox 320 1889 497 1974; x_wconf 87' lang='lat' dir='ltr'>petivisset,</span> <span class='ocrx_word' id='word_1_107' title='bbox 528 1894 564 1953; x_wconf 89' lang='lat' dir='ltr'>ut</span> <span class='ocrx_word' id='word_1_108' title='bbox 585 1889 764 1973; x_wconf 89' lang='lat' dir='ltr'>Proagonis</span> <span class='ocrx_word' id='word_1_109' title='bbox 786 1889 931 1954; x_wconf 86' lang='lat' dir='ltr'>fabulam</span> <span class='ocrx_word' id='word_1_110' title='bbox 953 1888 1132 1963; x_wconf 85' lang='lat' dir='ltr'>inscriniis</span> <span class='ocrx_word' id='word_1_111' title='bbox 1155 1891 1307 1954; x_wconf 88' lang='lat' dir='ltr'>latentem</span> <span class='ocrx_word' id='word_1_112' title='bbox 1331 1895 1364 1954; x_wconf 93' lang='lat' dir='ltr'>et</span> 
     </span>
     <span class='ocr_line' id='line_1_16' title="bbox 225 1991 1364 2078; baseline -0.002 -20"><span class='ocrx_word' id='word_1_113' title='bbox 225 1991 389 2078; x_wconf 88' lang='lat' dir='ltr'>Dionysiis</span> <span class='ocrx_word' id='word_1_114' title='bbox 413 1992 607 2058; x_wconf 90' lang='lat' dir='ltr'>destinatam</span> <span class='ocrx_word' id='word_1_115' title='bbox 629 1992 690 2057; x_wconf 91' lang='lat' dir='ltr'>sibi</span> <span class='ocrx_word' id='word_1_116' title='bbox 713 1993 854 2075; x_wconf 87' lang='lat' dir='ltr'>cederet,</span> <span class='ocrx_word' id='word_1_117' title='bbox 886 1998 921 2057; x_wconf 90' lang='lat' dir='ltr'>ut</span> <span class='ocrx_word' id='word_1_118' title='bbox 943 1993 1006 2058; x_wconf 91' lang='lat' dir='ltr'>hac</span> <span class='ocrx_word' id='word_1_119' title='bbox 1033 1993 1201 2058; x_wconf 88' lang='lat' dir='ltr'>comoedia</span> <span class='ocrx_word' id='word_1_120' title='bbox 1228 1993 1364 2076; x_wconf 83' lang='lat' dir='ltr'>gloriam</span> 
     </span>
     <span class='ocr_line' id='line_1_17' title="bbox 226 2097 1364 2165; baseline -0.004 0"><span class='ocrx_word' id='word_1_121' title='bbox 226 2097 365 2165; x_wconf 86' lang='lat' dir='ltr'>Nubium</span> <span class='ocrx_word' id='word_1_122' title='bbox 403 2098 497 2164; x_wconf 90' lang='lat' dir='ltr'>clade</span> <span class='ocrx_word' id='word_1_123' title='bbox 534 2097 767 2163; x_wconf 78' lang='lat' dir='ltr'>labefactatam</span> <span class='ocrx_word' id='word_1_124' title='bbox 804 2100 1000 2163; x_wconf 82' lang='lat' dir='ltr'>renovaret?</span> <span class='ocrx_word' id='word_1_125' title='bbox 1049 2099 1158 2163; x_wconf 81' lang='lat' dir='ltr'>Menae</span> <span class='ocrx_word' id='word_1_126' title='bbox 1192 2098 1255 2163; x_wconf 89' lang='lat' dir='ltr'>hae</span> <span class='ocrx_word' id='word_1_127' title='bbox 1292 2105 1364 2163; x_wconf 91' lang='lat' dir='ltr'>sunt</span> 
     </span>
     <span class='ocr_line' id='line_1_18' title="bbox 227 2200 1364 2285; baseline -0.001 -18"><span class='ocrx_word' id='word_1_128' title='bbox 227 2202 446 2285; x_wconf 89' lang='lat' dir='ltr'>coniecturae,</span> <span class='ocrx_word' id='word_1_129' title='bbox 476 2201 590 2284; x_wconf 88' lang='lat' dir='ltr'>quibus</span> <span class='ocrx_word' id='word_1_130' title='bbox 618 2221 684 2267; x_wconf 91' lang='lat' dir='ltr'>rem</span> <span class='ocrx_word' id='word_1_131' title='bbox 714 2200 893 2266; x_wconf 89' lang='lat' dir='ltr'>diiudicare</span> <span class='ocrx_word' id='word_1_132' title='bbox 917 2221 980 2266; x_wconf 92' lang='lat' dir='ltr'>non</span> <span class='ocrx_word' id='word_1_133' title='bbox 1002 2201 1117 2267; x_wconf 90' lang='lat' dir='ltr'>audeo.</span> <span class='ocrx_word' id='word_1_134' title='bbox 1163 2202 1364 2284; x_wconf 88' lang='lat' dir='ltr'>Proagonem</span> 
     </span>
     <span class='ocr_line' id='line_1_19' title="bbox 228 2305 1364 2390; baseline 0 -19"><span class='ocrx_word' id='word_1_135' title='bbox 228 2312 336 2371; x_wconf 90' lang='lat' dir='ltr'>autem</span> <span class='ocrx_word' id='word_1_136' title='bbox 366 2305 565 2372; x_wconf 89' lang='lat' dir='ltr'>comoediam</span> <span class='ocrx_word' id='word_1_137' title='bbox 593 2305 691 2372; x_wconf 75' lang='lat' dir='ltr'>baisse</span> <span class='ocrx_word' id='word_1_138' title='bbox 715 2305 915 2390; x_wconf 89' lang='lat' dir='ltr'>aptissimam</span> <span class='ocrx_word' id='word_1_139' title='bbox 937 2305 1102 2390; x_wconf 91' lang='lat' dir='ltr'>Dionysiis</span> <span class='ocrx_word' id='word_1_140' title='bbox 1124 2305 1249 2388; x_wconf 86' lang='lat' dir='ltr'>magnis</span> <span class='ocrx_word' id='word_1_141' title='bbox 1272 2327 1364 2371; x_wconf 94' lang='lat' dir='ltr'>nemo</span> 
     </span>
     <span class='ocr_line' id='line_1_20' title="bbox 228 2408 1366 2494; baseline 0 -19"><span class='ocrx_word' id='word_1_142' title='bbox 228 2409 371 2493; x_wconf 83' lang='lat' dir='ltr'>negabit,</span> <span class='ocrx_word' id='word_1_143' title='bbox 395 2430 467 2486; x_wconf 87' lang='lat' dir='ltr'>cum</span> <span class='ocrx_word' id='word_1_144' title='bbox 488 2409 577 2474; x_wconf 90' lang='lat' dir='ltr'>haud</span> <span class='ocrx_word' id='word_1_145' title='bbox 600 2408 697 2474; x_wconf 89' lang='lat' dir='ltr'>dubie</span> <span class='ocrx_word' id='word_1_146' title='bbox 720 2409 936 2492; x_wconf 90' lang='lat' dir='ltr'>prolusionem</span> <span class='ocrx_word' id='word_1_147' title='bbox 958 2408 1125 2494; x_wconf 85' lang='lat' dir='ltr'>Euripidei</span> <span class='ocrx_word' id='word_1_148' title='bbox 1147 2409 1366 2475; x_wconf 89' lang='lat' dir='ltr'>nesciocuius</span> 
     </span>
     <span class='ocr_line' id='line_1_21' title="bbox 229 2511 1365 2597; baseline -0.002 -19"><span class='ocrx_word' id='word_1_149' title='bbox 229 2512 407 2597; x_wconf 90' lang='lat' dir='ltr'>spectaculi</span> <span class='ocrx_word' id='word_1_150' title='bbox 438 2511 575 2597; x_wconf 90' lang='lat' dir='ltr'>pannosi</span> <span class='ocrx_word' id='word_1_151' title='bbox 601 2511 835 2596; x_wconf 85' lang='lat' dir='ltr'>Aristophanes</span> <span class='ocrx_word' id='word_1_152' title='bbox 865 2512 929 2578; x_wconf 89' lang='lat' dir='ltr'>hac</span> <span class='ocrx_word' id='word_1_153' title='bbox 956 2512 1125 2578; x_wconf 88' lang='lat' dir='ltr'>comoedia</span> <span class='ocrx_word' id='word_1_154' title='bbox 1150 2514 1235 2579; x_wconf 89' lang='lat' dir='ltr'>salse</span> <span class='ocrx_word' id='word_1_155' title='bbox 1263 2519 1295 2578; x_wconf 92' lang='lat' dir='ltr'>et</span> <span class='ocrx_word' id='word_1_156' title='bbox 1321 2513 1365 2577; x_wconf 89' lang='lat' dir='ltr'>in-</span> 
     </span>
     <span class='ocr_line' id='line_1_22' title="bbox 230 2614 1366 2701; baseline -0.001 -20"><span class='ocrx_word' id='word_1_157' title='bbox 230 2615 361 2699; x_wconf 89' lang='lat' dir='ltr'>geniose</span> <span class='ocrx_word' id='word_1_158' title='bbox 391 2616 595 2680; x_wconf 88' lang='lat' dir='ltr'>convelleret.</span> <span class='ocrx_word' id='word_1_159' title='bbox 641 2614 845 2700; x_wconf 80' lang='lat' dir='ltr'>Quapropter</span> <span class='ocrx_word' id='word_1_160' title='bbox 871 2616 955 2680; x_wconf 90' lang='lat' dir='ltr'>banc</span> <span class='ocrx_word' id='word_1_161' title='bbox 978 2615 1178 2681; x_wconf 87' lang='lat' dir='ltr'>comoediam</span> <span class='ocrx_word' id='word_1_162' title='bbox 1201 2616 1366 2701; x_wconf 91' lang='lat' dir='ltr'>Dionysiis</span> 
     </span>
     <span class='ocr_line' id='line_1_23' title="bbox 230 2717 1366 2803; baseline -0.001 -18"><span class='ocrx_word' id='word_1_163' title='bbox 230 2724 371 2803; x_wconf 82' lang='lat' dir='ltr'>aposta</span> <span class='ocrx_word' id='word_1_164' title='bbox 395 2717 587 2784; x_wconf 88' lang='lat' dir='ltr'>destinatam</span> <span class='ocrx_word' id='word_1_165' title='bbox 611 2717 719 2803; x_wconf 82' lang='lat' dir='ltr'>fuisse,</span> <span class='ocrx_word' id='word_1_166' title='bbox 742 2725 810 2783; x_wconf 95' lang='lat' dir='ltr'>tum</span> <span class='ocrx_word' id='word_1_167' title='bbox 832 2739 908 2785; x_wconf 89' lang='lat' dir='ltr'>vero</span> <span class='ocrx_word' id='word_1_168' title='bbox 931 2719 1037 2784; x_wconf 88' lang='lat' dir='ltr'>subita</span> <span class='ocrx_word' id='word_1_169' title='bbox 1062 2719 1102 2785; x_wconf 94' lang='lat' dir='ltr'>de</span> <span class='ocrx_word' id='word_1_170' title='bbox 1126 2739 1242 2785; x_wconf 88' lang='lat' dir='ltr'>caussa</span> <span class='ocrx_word' id='word_1_171' title='bbox 1256 2720 1366 2784; x_wconf 90' lang='lat' dir='ltr'>nescio</span> 
     </span>
    </p>
   </div>
   <div class='ocr_carea' id='block_1_4' title="bbox 231 2821 1367 3007">
    <p class='ocr_par' dir='ltr' id='par_1_4' title="bbox 231 2821 1367 3007">
     <span class='ocr_line' id='line_1_24' title="bbox 231 2821 1367 2905; baseline -0.001 -18"><span class='ocrx_word' id='word_1_172' title='bbox 231 2843 295 2905; x_wconf 92' lang='lat' dir='ltr'>qua</span> <span class='ocrx_word' id='word_1_173' title='bbox 328 2821 431 2905; x_wconf 85' lang='lat' dir='ltr'>ipsam</span> <span class='ocrx_word' id='word_1_174' title='bbox 465 2841 591 2904; x_wconf 88' lang='lat' dir='ltr'>quoque</span> <span class='ocrx_word' id='word_1_175' title='bbox 620 2821 760 2887; x_wconf 89' lang='lat' dir='ltr'>Lcnaeis</span> <span class='ocrx_word' id='word_1_176' title='bbox 787 2827 895 2887; x_wconf 91' lang='lat' dir='ltr'>actam</span> <span class='ocrx_word' id='word_1_177' title='bbox 922 2842 993 2888; x_wconf 86' lang='lat' dir='ltr'>esse</span> <span class='ocrx_word' id='word_1_178' title='bbox 1023 2821 1092 2891; x_wconf 90' lang='lat' dir='ltr'>veri</span> <span class='ocrx_word' id='word_1_179' title='bbox 1122 2821 1274 2888; x_wconf 90' lang='lat' dir='ltr'>dissimile</span> <span class='ocrx_word' id='word_1_180' title='bbox 1302 2843 1367 2888; x_wconf 93' lang='lat' dir='ltr'>non</span> 
     </span>
     <span class='ocr_line' id='line_1_25' title="bbox 231 2926 400 3007; baseline -0.006 -16"><span class='ocrx_word' id='word_1_181' title='bbox 231 2926 400 3007; x_wconf 53' lang='lat' dir='ltr'>videtum).</span> 
     </span>
    </p>
   </div>
   <div class='ocr_carea' id='block_1_5' title="bbox 232 3097 1398 4466">
    <p class='ocr_par' dir='ltr' id='par_1_5' title="bbox 232 3097 1398 4466">
     <span class='ocr_line' id='line_1_26' title="bbox 306 3097 1398 3168; baseline 0 -17"><span class='ocrx_word' id='word_1_182' title='bbox 306 3098 324 3168; x_wconf 90' lang='lat'>¹)</span> <span class='ocrx_word' id='word_1_183' title='bbox 352 3098 511 3168; x_wconf 86' lang='lat' dir='ltr'>Postquam</span> <span class='ocrx_word' id='word_1_184' title='bbox 538 3097 611 3152; x_wconf 92' lang='lat' dir='ltr'>haec</span> <span class='ocrx_word' id='word_1_185' title='bbox 638 3099 673 3152; x_wconf 89' lang='lat' dir='ltr'>de</span> <span class='ocrx_word' id='word_1_186' title='bbox 695 3098 799 3168; x_wconf 86' lang='lat' dir='ltr'>Vespis</span> <span class='ocrx_word' id='word_1_187' title='bbox 824 3102 854 3151; x_wconf 89' lang='lat' dir='ltr'>et</span> <span class='ocrx_word' id='word_1_188' title='bbox 878 3097 1030 3168; x_wconf 88' lang='lat' dir='ltr'>Proagonc</span> <span class='ocrx_word' id='word_1_189' title='bbox 1058 3099 1253 3167; x_wconf 85' lang='lat' dir='ltr'>exposuimus,</span> <span class='ocrx_word' id='word_1_190' title='bbox 1280 3098 1369 3152; x_wconf 91' lang='lat' dir='ltr'>liceat</span> <span class='ocrx_word' id='word_1_191' title='bbox 1393 3143 1398 3151; x_wconf 95' lang='lat'>.</span> 
     </span>
     <span class='ocr_line' id='line_1_27' title="bbox 232 3183 1369 3254; baseline -0.003 -15"><span class='ocrx_word' id='word_1_192' title='bbox 232 3186 315 3240; x_wconf 91' lang='lat' dir='ltr'>nobis</span> <span class='ocrx_word' id='word_1_193' title='bbox 349 3183 450 3253; x_wconf 86' lang='lat' dir='ltr'>paucis</span> <span class='ocrx_word' id='word_1_194' title='bbox 486 3184 634 3254; x_wconf 88' lang='lat' dir='ltr'>disputare</span> <span class='ocrx_word' id='word_1_195' title='bbox 669 3184 725 3238; x_wconf 90' lang='lat' dir='ltr'>hoc</span> <span class='ocrx_word' id='word_1_196' title='bbox 760 3183 897 3237; x_wconf 86' lang='lat' dir='ltr'>inferiora</span> <span class='ocrx_word' id='word_1_197' title='bbox 931 3183 997 3239; x_wconf 92' lang='lat' dir='ltr'>loco</span> <span class='ocrx_word' id='word_1_198' title='bbox 1029 3184 1064 3236; x_wconf 89' lang='lat' dir='ltr'>dc</span> <span class='ocrx_word' id='word_1_199' title='bbox 1094 3183 1214 3254; x_wconf 84' lang='lat' dir='ltr'>Bergkii</span> <span class='ocrx_word' id='word_1_200' title='bbox 1244 3183 1369 3253; x_wconf 88' lang='lat' dir='ltr'>quadam</span> 
     </span>
     <span class='ocr_line' id='line_1_28' title="bbox 233 3270 1369 3340; baseline -0.004 -13"><span class='ocrx_word' id='word_1_201' title='bbox 233 3273 409 3328; x_wconf 89' lang='lat' dir='ltr'>coniectura.</span> <span class='ocrx_word' id='word_1_202' title='bbox 443 3270 517 3325; x_wconf 89' lang='lat' dir='ltr'>Nam</span> <span class='ocrx_word' id='word_1_203' title='bbox 544 3271 621 3339; x_wconf 92' lang='lat' dir='ltr'>quod</span> <span class='ocrx_word' id='word_1_204' title='bbox 648 3270 678 3324; x_wconf 93' lang='lat' dir='ltr'>in</span> <span class='ocrx_word' id='word_1_205' title='bbox 700 3270 860 3340; x_wconf 88' lang='lat' dir='ltr'>Vesparum</span> <span class='ocrx_word' id='word_1_206' title='bbox 884 3270 1044 3325; x_wconf 86' lang='lat' dir='ltr'>didascalia</span> <span class='ocrx_word' id='word_1_207' title='bbox 1066 3271 1232 3325; x_wconf 90' lang='lat' dir='ltr'>coniectura</span> <span class='ocrx_word' id='word_1_208' title='bbox 1255 3287 1308 3324; x_wconf 89' lang='lat' dir='ltr'>nos</span> <span class='ocrx_word' id='word_1_209' title='bbox 1329 3272 1369 3323; x_wconf 92' lang='lat' dir='ltr'>in·</span> 
     </span>
     <span class='ocr_line' id='line_1_29' title="bbox 233 3356 1370 3427; baseline -0.004 -14"><span class='ocrx_word' id='word_1_210' title='bbox 233 3358 371 3421; x_wconf 84' lang='lat' dir='ltr'>venimus,</span> <span class='ocrx_word' id='word_1_211' title='bbox 390 3374 477 3410; x_wconf 91' lang='lat' dir='ltr'>unum</span> <span class='ocrx_word' id='word_1_212' title='bbox 494 3362 611 3426; x_wconf 91' lang='lat' dir='ltr'>poetam</span> <span class='ocrx_word' id='word_1_213' title='bbox 630 3356 702 3411; x_wconf 90' lang='lat' dir='ltr'>duas</span> <span class='ocrx_word' id='word_1_214' title='bbox 720 3357 884 3411; x_wconf 85' lang='lat' dir='ltr'>comoedias</span> <span class='ocrx_word' id='word_1_215' title='bbox 896 3357 1024 3427; x_wconf 89' lang='lat' dir='ltr'>agendas</span> <span class='ocrx_word' id='word_1_216' title='bbox 1037 3374 1162 3424; x_wconf 86' lang='lat' dir='ltr'>curasse,</span> <span class='ocrx_word' id='word_1_217' title='bbox 1180 3357 1210 3411; x_wconf 88' lang='lat' dir='ltr'>id</span> <span class='ocrx_word' id='word_1_218' title='bbox 1223 3357 1251 3410; x_wconf 92' lang='lat' dir='ltr'>in</span> <span class='ocrx_word' id='word_1_219' title='bbox 1264 3356 1370 3411; x_wconf 89' lang='lat' dir='ltr'>Avium</span> 
     </span>
     <span class='ocr_line' id='line_1_30' title="bbox 234 3441 1370 3515; baseline -0.003 -17"><span class='ocrx_word' id='word_1_220' title='bbox 234 3461 348 3515; x_wconf 69' lang='lat' dir='ltr'>quoque</span> <span class='ocrx_word' id='word_1_221' title='bbox 375 3441 534 3498; x_wconf 83' lang='lat' dir='ltr'>didascalia</span> <span class='ocrx_word' id='word_1_222' title='bbox 560 3441 702 3512; x_wconf 84' lang='lat' dir='ltr'>Berglrius</span> <span class='ocrx_word' id='word_1_223' title='bbox 729 3442 841 3497; x_wconf 87' lang='lat' dir='ltr'>statuit.</span> <span class='ocrx_word' id='word_1_224' title='bbox 890 3442 1033 3512; x_wconf 81' lang='lat' dir='ltr'>Coniecit¹</span> <span class='ocrx_word' id='word_1_225' title='bbox 1047 3443 1122 3497; x_wconf 89' lang='lat' dir='ltr'>enim</span> <span class='ocrx_word' id='word_1_226' title='bbox 1150 3444 1191 3509; x_wconf 93' lang='lat' dir='ltr'>(in</span> <span class='ocrx_word' id='word_1_227' title='bbox 1218 3442 1370 3497; x_wconf 82' lang='lat' dir='ltr'>Pritzschii</span> 
     </span>
     <span class='ocr_line' id='line_1_31' title="bbox 233 3528 1370 3600; baseline -0.003 -15"><span class='ocrx_word' id='word_1_228' title='bbox 233 3533 349 3596; x_wconf 81' lang='lat' dir='ltr'>Quaest.</span> <span class='ocrx_word' id='word_1_229' title='bbox 377 3529 465 3584; x_wconf 88' lang='lat' dir='ltr'>Arist.</span> <span class='ocrx_word' id='word_1_230' title='bbox 492 3529 607 3584; x_wconf 89' lang='lat' dir='ltr'>tom..I.</span> <span class='ocrx_word' id='word_1_231' title='bbox 635 3547 662 3598; x_wconf 93' lang='lat' dir='ltr'>p.</span> <span class='ocrx_word' id='word_1_232' title='bbox 681 3530 732 3584; x_wconf 73' lang='lat'>322</span> <span class='ocrx_word' id='word_1_233' title='bbox 759 3535 789 3584; x_wconf 89' lang='lat' dir='ltr'>et</span> <span class='ocrx_word' id='word_1_234' title='bbox 815 3531 845 3583; x_wconf 91' lang='lat' dir='ltr'>in</span> <span class='ocrx_word' id='word_1_235' title='bbox 871 3529 946 3584; x_wconf 88' lang='lat' dir='ltr'>Rell.</span> <span class='ocrx_word' id='word_1_236' title='bbox 974 3529 1053 3585; x_wconf 84' lang='lat' dir='ltr'>Com.</span> <span class='ocrx_word' id='word_1_237' title='bbox 1080 3528 1143 3584; x_wconf 88' lang='lat' dir='ltr'>Att.</span> <span class='ocrx_word' id='word_1_238' title='bbox 1170 3547 1199 3600; x_wconf 89' lang='lat' dir='ltr'>p.</span> <span class='ocrx_word' id='word_1_239' title='bbox 1221 3529 1370 3595; x_wconf 75' lang='lat' dir='ltr'>asa-370)</span> 
     </span>
     <span class='ocr_line' id='line_1_32' title="bbox 233 3615 1371 3686; baseline -0.003 -13"><span class='ocrx_word' id='word_1_240' title='bbox 233 3617 439 3673; x_wconf 81' lang='lat' dir='ltr'>Comissatores</span> <span class='ocrx_word' id='word_1_241' title='bbox 461 3615 590 3670; x_wconf 88' lang='lat' dir='ltr'>fabulam</span> <span class='ocrx_word' id='word_1_242' title='bbox 599 3615 767 3685; x_wconf 71' lang='lat' dir='ltr'>«Phrynichi</span> <span class='ocrx_word' id='word_1_243' title='bbox 790 3616 888 3684; x_wconf 82' lang='lat' dir='ltr'>fuisse,</span> <span class='ocrx_word' id='word_1_244' title='bbox 912 3634 998 3686; x_wconf 88' lang='lat' dir='ltr'>quam</span> <span class='ocrx_word' id='word_1_245' title='bbox 1016 3616 1162 3685; x_wconf 78' lang='lat' dir='ltr'>Amipsiae</span> <span class='ocrx_word' id='word_1_246' title='bbox 1185 3633 1236 3670; x_wconf 91' lang='lat' dir='ltr'>suo</span> <span class='ocrx_word' id='word_1_247' title='bbox 1255 3616 1371 3671; x_wconf 87' lang='lat' dir='ltr'>nomine</span> 
     </span>
     <span class='ocr_line' id='line_1_33' title="bbox 233 3700 1370 3772; baseline -0.003 -14"><span class='ocrx_word' id='word_1_248' title='bbox 233 3705 386 3772; x_wconf 86' lang='lat' dir='ltr'>docuisset,</span> <span class='ocrx_word' id='word_1_249' title='bbox 404 3721 468 3758; x_wconf 93' lang='lat' dir='ltr'>cum</span> <span class='ocrx_word' id='word_1_250' title='bbox 486 3702 668 3772; x_wconf 87' lang='lat' dir='ltr'>Phrynichus</span> <span class='ocrx_word' id='word_1_251' title='bbox 687 3703 749 3772; x_wconf 89' lang='lat' dir='ltr'>ipse</span> <span class='ocrx_word' id='word_1_252' title='bbox 762 3702 965 3772; x_wconf 88' lang='lat' dir='ltr'>Monotropum</span> <span class='ocrx_word' id='word_1_253' title='bbox 984 3703 1075 3756; x_wconf 90' lang='lat' dir='ltr'>daret.</span> <span class='ocrx_word' id='word_1_254' title='bbox 1102 3700 1255 3756; x_wconf 89' lang='lat' dir='ltr'>Adductus</span> <span class='ocrx_word' id='word_1_255' title='bbox 1274 3705 1370 3755; x_wconf 90' lang='lat' dir='ltr'>autem</span> 
     </span>
     <span class='ocr_line' id='line_1_34' title="bbox 233 3787 1371 3859; baseline -0.004 -14"><span class='ocrx_word' id='word_1_256' title='bbox 233 3791 341 3845; x_wconf 75' lang='lat' dir='ltr'>estad</span> <span class='ocrx_word' id='word_1_257' title='bbox 367 3791 443 3844; x_wconf 90' lang='lat' dir='ltr'>hanc</span> <span class='ocrx_word' id='word_1_258' title='bbox 470 3790 661 3859; x_wconf 88' lang='lat' dir='ltr'>suspicionem</span> <span class='ocrx_word' id='word_1_259' title='bbox 685 3790 791 3844; x_wconf 91' lang='lat' dir='ltr'>eisdem</span> <span class='ocrx_word' id='word_1_260' title='bbox 815 3789 876 3850; x_wconf 83' lang='lat' dir='ltr'>fere</span> <span class='ocrx_word' id='word_1_261' title='bbox 901 3791 1018 3857; x_wconf 89' lang='lat' dir='ltr'>caussis,</span> <span class='ocrx_word' id='word_1_262' title='bbox 1042 3789 1145 3859; x_wconf 89' lang='lat' dir='ltr'>quibus</span> <span class='ocrx_word' id='word_1_263' title='bbox 1164 3789 1193 3841; x_wconf 91' lang='lat' dir='ltr'>in</span> <span class='ocrx_word' id='word_1_264' title='bbox 1211 3787 1371 3858; x_wconf 89' lang='lat' dir='ltr'>Vesparum</span> 
     </span>
     <span class='ocr_line' id='line_1_35' title="bbox 234 3873 1371 3946; baseline -0.004 -14"><span class='ocrx_word' id='word_1_265' title='bbox 234 3877 393 3932; x_wconf 86' lang='lat' dir='ltr'>didascalia</span> <span class='ocrx_word' id='word_1_266' title='bbox 412 3895 464 3932; x_wconf 90' lang='lat' dir='ltr'>nos</span> <span class='ocrx_word' id='word_1_267' title='bbox 482 3877 527 3930; x_wconf 91' lang='lat' dir='ltr'>usi</span> <span class='ocrx_word' id='word_1_268' title='bbox 539 3895 643 3930; x_wconf 87' lang='lat' dir='ltr'>sumus.</span> <span class='ocrx_word' id='word_1_269' title='bbox 671 3876 820 3946; x_wconf 89' lang='lat' dir='ltr'>Nusquam</span> <span class='ocrx_word' id='word_1_270' title='bbox 833 3876 907 3929; x_wconf 91' lang='lat' dir='ltr'>enim</span> <span class='ocrx_word' id='word_1_271' title='bbox 921 3877 957 3930; x_wconf 89' lang='lat' dir='ltr'>de</span> <span class='ocrx_word' id='word_1_272' title='bbox 969 3875 1117 3945; x_wconf 90' lang='lat' dir='ltr'>Amipsiae</span> <span class='ocrx_word' id='word_1_273' title='bbox 1131 3873 1371 3929; x_wconf 86' lang='lat' dir='ltr'>Comissatoribus</span> 
     </span>
     <span class='ocr_line' id='line_1_36' title="bbox 235 3961 1371 4036; baseline -0.007 -16"><span class='ocrx_word' id='word_1_274' title='bbox 235 3967 388 4036; x_wconf 91' lang='lat' dir='ltr'>quicquam</span> <span class='ocrx_word' id='word_1_275' title='bbox 407 3965 521 4035; x_wconf 86' lang='lat' dir='ltr'>legitur,</span> <span class='ocrx_word' id='word_1_276' title='bbox 546 3963 623 4033; x_wconf 89' lang='lat' dir='ltr'>quod</span> <span class='ocrx_word' id='word_1_277' title='bbox 642 3980 711 4016; x_wconf 86' lang='lat' dir='ltr'>sane</span> <span class='ocrx_word' id='word_1_278' title='bbox 730 3963 832 4016; x_wconf 89' lang='lat' dir='ltr'>mirum</span> <span class='ocrx_word' id='word_1_279' title='bbox 852 3967 904 4029; x_wconf 88' lang='lat' dir='ltr'>est,</span> <span class='ocrx_word' id='word_1_280' title='bbox 929 3962 1102 4031; x_wconf 88' lang='lat' dir='ltr'>cumprime</span> <span class='ocrx_word' id='word_1_281' title='bbox 1121 3963 1215 4030; x_wconf 89' lang='lat' dir='ltr'>pretio</span> <span class='ocrx_word' id='word_1_282' title='bbox 1234 3961 1308 4014; x_wconf 90' lang='lat' dir='ltr'>haec</span> <span class='ocrx_word' id='word_1_283' title='bbox 1326 3977 1371 4013; x_wconf 93' lang='lat' dir='ltr'>co·</span> 
     </span>
     <span class='ocr_line' id='line_1_37' title="bbox 234 4047 1373 4119; baseline -0.006 -13"><span class='ocrx_word' id='word_1_284' title='bbox 234 4051 347 4108; x_wconf 86' lang='lat' dir='ltr'>moedia</span> <span class='ocrx_word' id='word_1_285' title='bbox 366 4057 468 4106; x_wconf 84' lang='lat' dir='ltr'>ornata</span> <span class='ocrx_word' id='word_1_286' title='bbox 486 4051 532 4106; x_wconf 88' lang='lat' dir='ltr'>sit.</span> <span class='ocrx_word' id='word_1_287' title='bbox 562 4049 670 4104; x_wconf 87' lang='lat' dir='ltr'>Contra</span> <span class='ocrx_word' id='word_1_288' title='bbox 689 4049 848 4119; x_wconf 91' lang='lat' dir='ltr'>Phrynichi</span> <span class='ocrx_word' id='word_1_289' title='bbox 866 4048 967 4102; x_wconf 87' lang='lat' dir='ltr'>fabula</span> <span class='ocrx_word' id='word_1_290' title='bbox 985 4050 1087 4104; x_wconf 88' lang='lat' dir='ltr'>codem</span> <span class='ocrx_word' id='word_1_291' title='bbox 1105 4047 1221 4102; x_wconf 89' lang='lat' dir='ltr'>nomine</span> <span class='ocrx_word' id='word_1_292' title='bbox 1233 4048 1373 4116; x_wconf 89' lang='lat' dir='ltr'>inscripta</span> 
     </span>
     <span class='ocr_line' id='line_1_38' title="bbox 236 4133 1373 4209; baseline -0.006 -16"><span class='ocrx_word' id='word_1_293' title='bbox 236 4138 410 4209; x_wconf 87' lang='lat' dir='ltr'>aliquotiens</span> <span class='ocrx_word' id='word_1_294' title='bbox 428 4141 610 4191; x_wconf 86' lang='lat' dir='ltr'>memoratur.</span> <span class='ocrx_word' id='word_1_295' title='bbox 646 4135 726 4200; x_wconf 82' lang='lat' dir='ltr'>Quae</span> <span class='ocrx_word' id='word_1_296' title='bbox 746 4153 810 4189; x_wconf 90' lang='lat' dir='ltr'>cum</span> <span class='ocrx_word' id='word_1_297' title='bbox 828 4137 871 4190; x_wconf 94' lang='lat' dir='ltr'>ita</span> <span class='ocrx_word' id='word_1_298' title='bbox 888 4135 955 4199; x_wconf 89' lang='lat' dir='ltr'>sint,</span> <span class='ocrx_word' id='word_1_299' title='bbox 973 4134 1116 4206; x_wconf 87' lang='lat' dir='ltr'>Bergkius</span> <span class='ocrx_word' id='word_1_300' title='bbox 1135 4133 1277 4188; x_wconf 88' lang='lat' dir='ltr'>conclusit</span> <span class='ocrx_word' id='word_1_301' title='bbox 1293 4133 1373 4186; x_wconf 92' lang='lat' dir='ltr'>illam</span> 
     </span>
     <span class='ocr_line' id='line_1_39' title="bbox 235 4221 1374 4291; baseline -0.009 -9"><span class='ocrx_word' id='word_1_302' title='bbox 235 4225 413 4282; x_wconf 87' lang='lat' dir='ltr'>comoediam</span> <span class='ocrx_word' id='word_1_303' title='bbox 436 4241 494 4278; x_wconf 91' lang='lat' dir='ltr'>una</span> <span class='ocrx_word' id='word_1_304' title='bbox 516 4241 580 4279; x_wconf 90' lang='lat' dir='ltr'>cum</span> <span class='ocrx_word' id='word_1_305' title='bbox 599 4221 710 4278; x_wconf 87' lang='lat' dir='ltr'>Avibus</span> <span class='ocrx_word' id='word_1_306' title='bbox 734 4229 764 4278; x_wconf 90' lang='lat' dir='ltr'>et</span> <span class='ocrx_word' id='word_1_307' title='bbox 785 4223 959 4291; x_wconf 91' lang='lat' dir='ltr'>Monotropo</span> <span class='ocrx_word' id='word_1_308' title='bbox 982 4222 1011 4275; x_wconf 93' lang='lat' dir='ltr'>in</span> <span class='ocrx_word' id='word_1_309' title='bbox 1030 4226 1177 4276; x_wconf 89' lang='lat' dir='ltr'>certamen</span> <span class='ocrx_word' id='word_1_310' title='bbox 1196 4221 1374 4274; x_wconf 88' lang='lat' dir='ltr'>commissam</span> 
     </span>
     <span class='ocr_line' id='line_1_40' title="bbox 235 4305 1374 4382; baseline -0.008 -15"><span class='ocrx_word' id='word_1_311' title='bbox 235 4311 394 4382; x_wconf 85' lang='lat' dir='ltr'>Phrynichi</span> <span class='ocrx_word' id='word_1_312' title='bbox 418 4328 489 4379; x_wconf 85' lang='lat' dir='ltr'>esse,</span> <span class='ocrx_word' id='word_1_313' title='bbox 512 4326 570 4368; x_wconf 88' lang='lat' dir='ltr'>non</span> <span class='ocrx_word' id='word_1_314' title='bbox 593 4309 749 4379; x_wconf 87' lang='lat' dir='ltr'>Amipsiae.</span> <span class='ocrx_word' id='word_1_315' title='bbox 789 4310 942 4381; x_wconf 84' lang='lat' dir='ltr'>Ingeniosa</span> <span class='ocrx_word' id='word_1_316' title='bbox 965 4308 1057 4362; x_wconf 92' lang='lat' dir='ltr'>hoca</span> <span class='ocrx_word' id='word_1_317' title='bbox 1074 4309 1136 4363; x_wconf 91' lang='lat' dir='ltr'>viro</span> <span class='ocrx_word' id='word_1_318' title='bbox 1156 4307 1243 4361; x_wconf 92' lang='lat' dir='ltr'>docto</span> <span class='ocrx_word' id='word_1_319' title='bbox 1262 4305 1374 4375; x_wconf 83' lang='lat' dir='ltr'>excogi-</span> 
     </span>
     <span class='ocr_line' id='line_1_41' title="bbox 236 4391 1373 4466; baseline -0.009 -13"><span class='ocrx_word' id='word_1_320' title='bbox 236 4403 329 4453; x_wconf 92' lang='lat' dir='ltr'>tatum</span> <span class='ocrx_word' id='word_1_321' title='bbox 353 4413 414 4451; x_wconf 88' lang='lat' dir='ltr'>esse</span> <span class='ocrx_word' id='word_1_322' title='bbox 436 4396 649 4450; x_wconf 88' lang='lat' dir='ltr'>concedendum</span> <span class='ocrx_word' id='word_1_323' title='bbox 668 4403 720 4465; x_wconf 86' lang='lat' dir='ltr'>est,</span> <span class='ocrx_word' id='word_1_324' title='bbox 743 4413 837 4466; x_wconf 86' lang='lat' dir='ltr'>nequa</span> <span class='ocrx_word' id='word_1_325' title='bbox 855 4398 950 4463; x_wconf 86' lang='lat' dir='ltr'>miror,</span> <span class='ocrx_word' id='word_1_326' title='bbox 974 4395 1050 4465; x_wconf 88' lang='lat' dir='ltr'>quod</span> <span class='ocrx_word' id='word_1_327' title='bbox 1069 4392 1231 4448; x_wconf 88' lang='lat' dir='ltr'>Meinekius</span> <span class='ocrx_word' id='word_1_328' title='bbox 1249 4393 1279 4446; x_wconf 89' lang='lat' dir='ltr'>in</span> <span class='ocrx_word' id='word_1_329' title='bbox 1298 4391 1373 4445; x_wconf 89' lang='lat' dir='ltr'>Hist.</span> 
     </span>
    </p>
   </div>
   <div class='ocr_carea' id='block_1_6' title="bbox 238 4479 1464 4562">
    <p class='ocr_par' dir='ltr' id='par_1_6' title="bbox 238 4479 1464 4562">
     <span class='ocr_line' id='line_1_42' title="bbox 238 4479 1464 4562; baseline -0.004 -22"><span class='ocrx_word' id='word_1_330' title='bbox 238 4484 300 4542; x_wconf 89' lang='lat' dir='ltr'>crit.</span> <span class='ocrx_word' id='word_1_331' title='bbox 322 4501 349 4554; x_wconf 87' lang='lat' dir='ltr'>p.</span> <span class='ocrx_word' id='word_1_332' title='bbox 370 4481 418 4536; x_wconf 79' lang='lat'>155</span> <span class='ocrx_word' id='word_1_333' title='bbox 444 4481 520 4535; x_wconf 92' lang='lat' dir='ltr'>hanc</span> <span class='ocrx_word' id='word_1_334' title='bbox 546 4482 740 4562; x_wconf 85' lang='lat' dir='ltr'>coniecturam</span> <span class='ocrx_word' id='word_1_335' title='bbox 767 4481 976 4551; x_wconf 85' lang='lat' dir='ltr'>comprobavit.</span> <span class='ocrx_word' id='word_1_336' title='bbox 1025 4481 1140 4536; x_wconf 81' lang='lat' dir='ltr'>Etenim</span> <span class='ocrx_word' id='word_1_337' title='bbox 1164 4479 1234 4534; x_wconf 92' lang='lat' dir='ltr'>mihi</span> <span class='ocrx_word' id='word_1_338' title='bbox 1259 4494 1374 4549; x_wconf 90' lang='lat' dir='ltr'>quoque</span> <span class='ocrx_word' id='word_1_339' title='bbox 1462 4530 1464 4535; x_wconf 92' lang='lat'><em>.</em></span> 
     </span>
    </p>
   </div>
   <div class='ocr_carea' id='block_1_7' title="bbox 0 0 1607 4992">
    <p class='ocr_par' dir='ltr' id='par_1_7' title="bbox 0 0 1607 4992">
     <span class='ocr_line' id='line_1_43' title="bbox 0 0 1607 4992; baseline 0 0"><span class='ocrx_word' id='word_1_340' title='bbox 0 0 1607 4992; x_wconf 95' lang='lat' dir='ltr'> </span> 
     </span>
    </p>
   </div>
  </div>
 </body>
</html>
