3167 4992
672 359 920 421 -23-·

367 543 465 617 αύτός
488 545 516 606 τ’
537 544 678 626 ἐμαυτὸν
700 545 768 610 ὑπὸ
792 545 938 620 Κλέωνος
959 549 1111 614 ἅπαθον.

366 647 543 729 ἐπίσταμαι
567 647 623 710 διὰ
644 649 702 733 την
724 651 840 734 πέρυσι
862 649 1046 734 κωμῳδίαν.

370 751 553 825 εἰσελκύσας
576 750 636 837 γάρ
659 753 693 834 μ’
716 754 761 825 είς
784 752 821 815 τὸ
843 753 1070 840 βουλευτήριον

261 857 333 924 380.
370 855 516 936 διέβαλλε
538 856 591 918 καὶ
614 856 724 941 ψευδῆ
745 856 973 935 κατεγλώττιζέ
993 880 1057 939 μου

371 957 598 1044 κάκυκλοβόρει
621 948 797 1043 κᾶπλυνεν,
821 960 896 1021 ὥστ’
920 960 1031 1039 όλίγου
1055 960 1143 1026 πάνυ

316 1122 320 1130 ,
366 1061 549 1145 οίπωλόμην
569 1061 998 1148 μολυνοπραγμονούμενος.

297 1164 435 1246 Liquide
459 1185 500 1230 ex
522 1165 571 1230 his
592 1171 710 1250 poetae
726 1165 833 1231 verbis
849 1173 988 1250 apparet
1003 1168 1157 1233 Cleonem
1172 1167 1349 1251 comoedia,

212 1290 295 1352 quae
319 1291 402 1336 anno
426 1276 503 1335 ante
525 1269 751 1336 tharnenses
774 1270 854 1335 data
870 1277 950 1355 erat,
974 1272 1131 1336 offensum
1146 1271 1236 1336 litem
1250 1270 1350 1336 inten-

211 1373 306 1457 disse,
341 1393 425 1456 quae
459 1373 548 1458 apud
581 1379 747 1440 senatores
781 1379 858 1438 aeta
888 1380 946 1439 est.
997 1373 1120 1451 Quibus
1148 1374 1270 1440 iniuriis
1297 1375 1350 1439 vel

212 1476 410 1542 eontumeliis
426 1477 526 1544 Cleon
547 1477 696 1544 incensus
719 1476 770 1561 sit,
794 1498 836 1562 en
858 1477 907 1542 his
930 1478 1075 1543 versibus
1097 1499 1161 1543 non
1184 1472 1372 1561 dissimum¹

211 1580 270 1646 sed
292 1580 373 1665 aliis,
398 1580 451 1663 qui
474 1580 582 1665 paullo
606 1586 679 1665 post
701 1580 860 1664 leguntur,
884 1580 982 1646 etiarn
1002 1580 1043 1646 de
1058 1581 1171 1648 haere
1188 1582 1348 1666 doeemur,

213 1686 450 1768 vs.501sqq.:

364 1787 426 1867 ἐγώ
450 1787 485 1851 δὲ
507 1787 587 1864 λε’ξω
611 1786 703 1851 δεινὰ
723 1789 795 1869 μέν,
820 1787 930 1849 δίκαια
954 1787 1000 1851 δέ.

316 1965 322 1976 ,
367 1891 406 1955 ού
428 1891 489 1977 γάρ
513 1915 553 1973 με
575 1895 635 1955 νύν
658 1914 694 1970 γε
718 1889 870 1972 διαβαλεῖ
889 1891 1011 1966 Κλέων,
1035 1895 1087 1954 ὅτι

366 1999 465 2072 ξένων
491 1994 665 2082 παρόντων
687 1994 745 2079 τὴν
768 1994 868 2059 πόλιν
889 1999 993 2069 κακῶς
1015 1995 1106 2075 λέγω.

365 2098 457 2162 αὐτοὶ
480 2098 543 2184 γάρ
566 2097 661 2180 ἔσμεν
683 2097 763 2162 οὑπὶ
786 2102 919 2183 Ληναίῳ
942 2099 970 2160 τ’
993 2100 1095 2179 οίγοίν,

253 2203 327 2268 505.
361 2203 475 2265 κούπω
499 2204 584 2278 ξένοι
607 2201 773 2287 πάρεισιν·
798 2202 955 2287 οὔτεγὰρ
979 2201 1078 2288 φόροι

365 2309 496 2390 ἥκουσιν
519 2306 588 2370 οὔτ’
610 2304 643 2368 ἐκ
665 2308 731 2370 τῶν
752 2306 883 2370 πόλεων
906 2303 937 2369 οἱ
960 2304 1139 2389 ξύμμαχοι·

366 2409 436 2472 ἀλλ’
459 2408 552 2491 ἐσμὲν
574 2409 667 2474 αὐτοὶ
689 2413 749 2474 νῦν
771 2434 807 2489 γε
829 2413 1109 2496 περιεπτισμένοι·

365 2513 440 2588 τούς
462 2513 523 2599 γὰρ
546 2517 714 2595 μετοίκους
735 2515 842 2600 ἄχυρα
864 2516 929 2578 τῶν
950 2514 1057 2579 οίστιόν
1078 2514 1170 2593 λέγω.

253 2722 325 2787 515.
752 2721 824 2802 οὐχί
847 2723 904 2808 τὴν
926 2721 1025 2787 πόλιν
1046 2722 1140 2803 λέγω,

362 2825 529 2908 μέμνησθε
552 2823 661 2898 τοῦθ’,
687 2824 736 2887 ότι
758 2825 831 2904 ούχὶ
854 2826 912 2909 τη“ν
935 2825 1034 2888 πόλιν
1055 2825 1147 2906 λέγω.

296 2927 524 3010 Cognosoimus
558 2947 599 2992 ex
625 2926 675 2992 his
701 2927 847 2994 versibus
877 2929 1125 3013 Aristophanem
1152 2928 1184 2994 in
1211 2929 1268 2995 illa
1296 2950 1347 2994 eo-

210 3030 338 3096 moedia
376 3031 498 3096 ciuitati
532 3030 737 3097 maledixisse
773 3037 872 3114 atque
905 3032 984 3097 illud
1017 3032 1147 3115 quidem
1183 3032 1347 3117 Dionysiis

209 3134 345 3218 magnis,
380 3155 442 3217 quo
468 3141 612 3220 tempore
640 3135 718 3201 soeii
747 3135 858 3201 tributi
886 3136 1032 3202 soluendi
1060 3156 1175 3203 oaussa
1203 3136 1349 3204 Athenas

208 3238 318 3304 venire
352 3245 385 3304 et
418 3239 460 3304 in.
483 3239 610 3304 theatro
645 3245 831 3323 speetantes
859 3240 975 3306 adesse
1003 3241 1159 3306 solebant.
1213 3242 1348 3306 Poetam

208 3342 287 3406 satis
320 3342 526 3408 vehementer
553 3342 586 3406 in
616 3342 706 3425 leges
736 3342 945 3426 institutaque
976 3343 1116 3409 civitatis
1143 3344 1348 3410 Atheniensis

208 3446 369 3512 inventum
403 3466 473 3512 esse
508 3467 549 3512 ex
583 3466 621 3511 eo
655 3446 732 3512 lieet
765 3447 971 3532 concludere,
1007 3447 1093 3530 quod
1127 3448 1228 3514 Cleon
1259 3449 1348 3514 litem

209 3548 373 3615 instituere
402 3571 466 3615 non
488 3549 608 3616 veritus
638 3555 695 3634 est,
725 3550 821 3634 quod,
857 3550 916 3616 nisi
947 3551 1064 3617 eximia
1092 3552 1232 3634 quadam
1260 3572 1347 3618 aoer-

210 3652 311 3718 bitate
335 3653 474 3718 eominus
496 3659 595 3738 poeta
617 3673 692 3718 usus
716 3659 810 3736 esset,
834 3654 889 3718 vix
911 3654 1050 3720 lenisset.

295 3742 409 3840 Itaque
432 3757 640 3841 omniafere,
665 3777 748 3840 quae
772 3757 845 3822 seiri
869 3742 1010 3842 possunt,
1039 3778 1080 3823 ex
1102 3758 1181 3842 ipsis
1203 3758 1348 3825 versibus

209 3860 383 3944 effecimus
417 3860 477 3926 nisi
512 3861 599 3944 quod
631 3861 715 3927 illius
743 3862 930 3928 comoediae
959 3863 1084 3928 titulum
1111 3861 1256 3928 divinare
1284 3883 1347 3928 non

208 3983 389 4047 possumus,
420 3984 515 4047 quem
541 3964 630 4050 apud
656 3965 864 4032 scholiastam
893 3965 1047 4050 seriptum
1073 3965 1227 4030 videmus.
1277 3965 1347 4033 Nisi

209 4067 292 4133 huno
307 4067 558 4152 Babyloniorum
573 4068 697 4135 titulum
712 4069 790 4133 nihil
805 4071 943 4153 praebet
958 4069 1157 4153 soholiastes‚
1182 4070 1267 4152 quod
1282 4092 1347 4136 non

208 4171 269 4256 ipsi
304 4191 431 4255 quoque
464 4179 552 4239 reete
587 4173 788 4239 eonieeimus.
841 4174 934 4238 Haeo
967 4180 1075 4239 autem
1102 4163 1270 4238 annotavit
1302 4176 1347 4241 ad

208 4295 254 4340 vs,
279 4276 358 4340 378:
389 4275 446 4339 διὰ
467 4276 524 4362 τη“υ
546 4279 662 4362 πέρυσι
684 4276 874 4360 κωμῳδίανε
898 4277 975 4350 τούς
998 4275 1230 4358 Βαβυλωνίους
1251 4277 1346 4364 λέγει.

208 4377 344 4454 τούτους
365 4379 427 4464 γὰρ
451 4379 517 4465 πρὸ
539 4383 603 4443 τῶν
625 4380 798 4463 Ἀχαρνέων
812 4379 1040 4466 Ἀριστοφάνης
1062 4377 1224 4456 ἐδίδαξεν,
1247 4380 1282 4446 ἕν
1298 4381 1346 4456 οἷς

210 4481 354 4557 πολλούς
382 4487 486 4557 κοικιός
513 4485 613 4546 εἶπεν.
658 4481 848 4569 έκωμηίδησε
878 4482 940 4569 γὰρ
969 4483 1027 4559 τοίς
1053 4507 1087 4546 τε
1109 4483 1270 4571 κληρωτὰς
1292 4488 1345 4548 καὶ
