3167 4992
659 348 865 411 ...65-

191 537 360 620 sententia,
391 559 461 602 cum
489 543 562 622 post
584 557 733 621 pugnam
761 537 806 602 ad
827 537 936 620 Aegos
963 539 1099 603 Flumen
1127 538 1329 604 commissam

192 647 299 706 tantus
313 641 554 708 Atheniensium
577 643 673 707 ardor
695 642 749 706 vix
772 648 867 726 esset,
890 648 925 707 ut
948 642 1091 708 fabulam
1111 650 1326 729 reposcerent.

191 747 275 812 Nam
309 745 508 812 comoediam
541 746 662 812 eisdem
692 745 833 812 Lenaeis
860 745 1010 812 iteratam
1037 767 1117 830 esse,
1150 748 1235 831 quod
1258 746 1329 830 quis

192 849 328 916 fortasse
357 849 512 935 suspicari
543 856 658 935 potest,
688 851 742 916 vix
771 857 820 916 est
843 850 1012 934 credibile3
1043 871 1142 933 quare
1165 851 1329 936 Dionysiis

192 954 317 1037 magnis
340 953 374 1022 id
395 955 516 1020 factum
540 975 610 1020 esse
633 975 691 1038 pro
715 961 803 1020 certo
826 955 941 1022 habeo.

278 1059 321 1124 At
350 1059 382 1124 in
411 1061 514 1125 altera
543 1059 731 1143 quaestione
760 1060 970 1127 diiudicanda
992 1060 1082 1125 iuvat
1104 1079 1162 1125 nos
1185 1060 1329 1142 aliquan-

193 1169 258 1228 tum
281 1163 376 1229 Vitae
399 1164 543 1249 scriptor.
590 1163 798 1230 Sciscitamur
821 1164 914 1249 enim,
938 1170 1043 1230 utrum
1065 1163 1179 1229 iterum
1202 1184 1330 1247 quoque

192 1267 377 1333 Philonides
411 1269 541 1334 chorum
574 1269 735 1334 induxerit
768 1289 811 1334 an
840 1269 1082 1353 Aristophanes.
1133 1269 1238 1350 Atque
1268 1288 1330 1351 ego

194 1371 332 1455 quidem,
372 1392 443 1436 cum
477 1372 593 1440 docere
626 1372 692 1438 iarn
725 1373 804 1437 nihil
838 1392 918 1457 opus
953 1377 1047 1456 esset,
1082 1372 1331 1456 Aristophanem

194 1475 311 1558 cogito,
336 1496 431 1556 quem
453 1476 618 1560 scripsisse
640 1477 725 1542 hanc
748 1477 866 1542 bellam
886 1476 1085 1543 comoediam
1101 1475 1228 1542 interim
1244 1475 1331 1541 cives

194 1578 395 1664 audiverant,
420 1586 452 1645 et
474 1580 507 1644 in
530 1580 592 1645 hac
607 1601 652 1663 re,
675 1585 710 1645 ut
726 1579 803 1662 dixi,
827 1580 1017 1646 adiuvamur
1033 1580 1127 1646 Vitae
1143 1580 1192 1644 his
1209 1579 1329 1645 verbis:

195 1729 203 1745 .
224 1729 231 1745 .
254 1729 262 1745 .
285 1680 497 1767 ἐστεφανώθη
526 1687 581 1766 (sc.
606 1682 844 1768 Ἀριστοφάνης)
872 1684 988 1770 θαλλῷ
1014 1688 1068 1768 τῆς
1096 1681 1181 1769 ἱερᾶς
1208 1682 1330 1758 ἐλαίας,

195 1789 230 1860 δς
259 1787 443 1870 νενόμισται
474 1787 617 1870 ἰσότιμος
643 1791 751 1874 χρυσῷ
778 1787 938 1874 στεφάνῳ,
969 1787 1072 1852 εἰπών
1100 1787 1204 1853 ἐκεῖνα
1230 1787 1270 1850 τὰ
1296 1787 1332 1851 ἐν

194 1900 262 1965 τοῖς
283 1891 469 1978 Βατράχοις
492 1892 565 1977 περὶ
589 1897 653 1956 τῶν
674 1891 813 1974 α’τίμιον·

316 1995 373 2060 τὸν
395 1993 480 2080 ῒερὸν
501 1996 601 2082 χορὸν
624 1995 751 2060 δίκαιον
774 1995 884 2060 πολλὰ
904 1996 1026 2082 χρηστὰ
1048 2000 1085 2082 τῇ
1108 1995 1201 2059 πόλει

316 2103 560 2184 ξυμπαραινεῖν.
606 2126 607 2130 ’

121 2253 123 2256 -
194 2202 278 2268 Huic
305 2203 485 2268 testimonio
514 2205 599 2286 quod
626 2203 722 2268 fidem
749 2223 812 2268 non
839 2204 1016 2269 habeamus
1044 2202 1121 2267 nihil
1145 2210 1203 2287 est,
1231 2224 1331 2286 quare

194 2305 308 2371 iterum
332 2307 374 2372 ab
395 2306 609 2392 Aristophane
633 2308 703 2392 ipso
727 2307 858 2373 chorum
879 2307 1044 2373 inductum
1066 2327 1137 2372 esse
1160 2307 1209 2372 his
1225 2307 1332 2373 verbis

195 2411 327 2494 probari¹
348 2412 488 2477 videtur:
513 2433 587 2476 narn
611 2433 718 2478 coram
742 2410 978 2498 spectatoribus
1002 2411 1147 2476 omnibus
1162 2411 1194 2475 in
1211 2432 1332 2476 scaena

195 2519 324 2598 poetam
351 2515 477 2600 patriae
506 2516 758 2583 amantissimum
785 2523 899 2583 sacrae
930 2517 1022 2582 oleae
1046 2537 1164 2606 corona
1187 2523 1332 2582 ornatum

196 2638 266 2685 esse
291 2626 540 2686 consentaneum
563 2627 620 2686 est.

281 2723 406 2807 Restat,
429 2731 464 2790 ut
488 2725 527 2790 de
544 2725 657 2809 paucis
672 2725 854 2792 actionibus
870 2745 966 2808 quam
981 2724 1169 2790 brevissime
1185 2745 1329 2808 agamus.

195 2828 292 2895 Nulla
322 2829 406 2894 enim
433 2830 730 2901 Ecclesiazusarum
757 2829 938 2896 didascalia
965 2829 1006 2894 de
1029 2829 1122 2894 huius
1145 2829 1332 2895 comoediae

198 2931 418 2998 commissione
443 2933 602 2999 docemur.
633 2935 739 3016 Atque
763 2933 790 2998 si
813 2933 1008 2999 scholiastae
1031 2932 1075 2998 ad
1094 2953 1140 2998 vs.
1159 2934 1220 2998 193
1236 2933 1333 2998 fidem

197 3037 368 3104 habemus:
403 3038 477 3123 περὶ
511 3037 547 3100 δὲ
580 3042 639 3102 τοῦ
673 3041 878 3120 συμμαχικοῦ
911 3037 1091 3123 Φιλόχορος
1120 3035 1250 3122 ἱστορεῖ,
1285 3039 1333 3099 ὅτι

198 3141 264 3227 πρὸ
292 3141 353 3205 δύο
380 3141 460 3207 ἐτῶν
481 3141 605 3221 ἐγένετο
628 3145 795 3224 συμμαχία
817 3140 1088 3222 Λακεδαιμονίων
1115 3141 1201 3224 (lege
1223 3140 1332 3224 Ἀθη-

198 3249 310 3326 ναίων)
339 3245 392 3308 καὶ
423 3249 590 3320 Βοιωτῶν,
620 3247 717 3310 docta
746 3250 796 3311 est
818 3245 930 3310 fabula
953 3265 1037 3310 anno
1061 3245 1133 3327 392,
1164 3243 1249 3326 quod
1272 3244 1334 3328 pri-

198 3369 267 3414 mns
295 3349 406 3415 statuit
434 3350 602 3415 Samuelus
625 3349 748 3414 Petitus
776 3354 874 3431 atque
901 3348 1070 3432 Droyseno
1097 3347 1233 3430 aliisque
1264 3369 1334 3433 per-

199 3453 308 3520 suasit.
339 3453 402 3519 Alii
425 3453 522 3519 alium
546 3475 663 3518 annum
684 3454 804 3518 rectius
827 3453 946 3518 eruisse
969 3452 1031 3517 sibi
1053 3452 1202 3518 videntur
1225 3452 1333 3518 confisi

200 3557 331 3642 caussis,
370 3577 450 3641 quas
483 3559 591 3641 plures
625 3577 666 3622 ex
698 3557 772 3641 ipsa
806 3556 974 3622 comoedia
1008 3555 1199 3640 petiverunt,
1237 3556 1336 3620 veluti

200 3664 290 3729 Go'tz·
309 3663 341 3726 in
364 3662 435 3728 Act.
460 3682 523 3726 soc.
548 3662 625 3746 phil.
648 3661 737 3746 Lips.
761 3663 802 3726 ΙΙ.
827 3682 856 3726 a.
874 3662 958 3727 1874
981 3683 1098 3726 annum
1121 3662 1184 3727 389
1215 3659 1335 3742 statuit,

200 3788 296 3848 quarn
319 3786 429 3831 veram
452 3785 522 3831 esse
538 3765 751 3849 suspicionem
767 3785 805 3830 eo
821 3765 925 3847 magis
940 3765 1075 3851 putavit,
1100 3764 1185 3847 quod
1201 3770 1336 3846 utroque

199 3891 293 3955 anno,
317 3875 350 3935 et
373 3870 435 3935 392
459 3874 492 3934 et
514 3870 586 3953 389,
610 3870 833 3934 Demostratus
855 3868 916 3933 fuit
935 3869 1081 3934 archonti
1096 3888 1228 3951 nomen3
1255 3868 1336 3933 Iulio

200 3974 321 4039 Beloch
346 3973 422 4055 (Att.
447 3972 514 4037 Pol.
539 3971 600 4037 seit
621 3971 777 4038 Perikles.
802 3972 891 4056 Lips.
910 3974 1003 4038 1884.
1027 3992 1103 4057 pag.
1121 3973 1196 4052 357)
1220 3972 1337 4055 proba-

119 4103 123 4109 ’
200 4077 294 4142 bilior
317 4076 403 4142 usus
426 4082 475 4140 est
498 4095 599 4141 annus
615 4077 687 4160 390,
711 4082 746 4140 at
761 4097 801 4142 ne
819 4075 996 4142 thzianae
1014 4075 1142 4159 quidem
1158 4075 1337 4141 sententiae

199 4179 462 4268 probabilitatem
478 4178 656 4261 derogavit.
686 4179 754 4243 Iam
771 4200 812 4245 ex
826 4180 885 4264 his,
910 4200 993 4262 quae
1010 4178 1156 4262 diximus,
1174 4179 1337 4261 cognosci-

201 4290 261 4369 tur,
286 4304 383 4368 quam
406 4281 446 4348 sit
470 4281 615 4365 quaestio
638 4281 805 4366 implicata
828 4289 860 4348 et
883 4282 1033 4368 difficilis,
1058 4288 1254 4368 quapropter
1275 4283 1338 4349 hoc

200 4389 272 4454 loco
304 4408 377 4453 earn
405 4384 583 4450 diiudicare
606 4405 669 4450 non
692 4385 806 4452 audeo.
853 4386 931 4464 Quis
953 4387 1098 4453 fabulam
1119 4386 1152 4452 in
1175 4392 1339 4454 certarnen

202 4489 404 4575 commiserit,
428 4490 580 4556 indubio
604 4490 847 4573 relinquendum
870 4496 927 4558 cst.

254 4603 348 4658 Briol,
367 4603 402 4650 De
415 4603 551 4652 Callistrato
564 4607 588 4648 ot
601 4602 730 4648 Philonide.
1117 4595 1134 4650 5
