3167 4992
720 316 931 382 „34-

256 500 440 578 Κλέωνος.
492 503 606 586 Itaque
639 510 771 588 propter
804 504 909 590 ipsam
941 504 1142 572 comoediam
1172 524 1288 572 caussa
1314 512 1391 572 acta

255 611 312 672 est.
357 606 452 672 Adde
483 606 570 689 quod
604 609 807 690 ξυνωμοσίας
829 607 1077 693 Aristophanem
1099 609 1151 675 vel
1174 609 1389 676 Callistratum

255 716 441 787 accusatum
464 729 535 778 esse
557 709 636 775 nihil
658 711 812 777 traditum
833 718 893 778 est.

340 813 431 892 Quae
458 835 530 880 cum
551 813 598 880 ita
620 814 683 880 sint
705 835 810 898 neque
834 816 897 880 ullo
920 815 1015 881 modo
1037 816 1152 900 negari
1173 816 1275 901 possit
1295 816 1389 883 Calli-

254 923 388 984 stratum
417 918 459 984 ob
487 918 592 1003 ipsam
618 919 762 986 fabulam
790 919 824 984 in
850 919 900 985 ius
922 926 1073 986 vocatum
1095 940 1176 1005 esse,
1207 921 1389 988 necessario

253 1021 405 1106 sequitur,
443 1027 478 1088 ut
510 1021 640 1106 archon,
675 1021 729 1105 qui
763 1023 877 1089 choros
912 1023 1022 1108 dabat,
1057 1044 1193 1090 censura
1227 1025 1388 1110 scaenica,

254 1127 357 1210 qualis
391 1132 440 1194 est
472 1133 581 1192 nostra
615 1131 734 1210 aetate,
768 1147 832 1191 non
865 1147 941 1192 usus
973 1127 1024 1211 sit,
1058 1128 1117 1194 sed
1142 1127 1204 1194 nisi
1225 1128 1389 1212 ingenium

252 1236 370 1317 poetae
386 1236 419 1296 et
433 1235 576 1296 tenorem
590 1229 803 1312 virtutemque
819 1230 950 1296 fabulae
962 1231 1040 1296 nihil
1051 1232 1239 1316 respexerit.
1261 1233 1389 1298 Etenim

252 1336 281 1404 si
303 1335 361 1404 tali
384 1354 519 1402 censura
541 1353 616 1400 usus
633 1341 727 1418 esset,
752 1334 936 1401 Callistrato
950 1336 1148 1421 Babylonios
1166 1337 1299 1402 docturo
1315 1337 1388 1403 cho-

252 1462 321 1508 rum
342 1460 407 1506 non
429 1437 587 1521 dedisset3
614 1438 642 1504 si
664 1445 773 1504 tamen
796 1438 1016 1523 concessisset,
1040 1440 1161 1506 archon
1183 1440 1253 1524 ipse
1277 1440 1388 1506 Cleoni

251 1543 410 1630 petendus
439 1548 518 1626 erat,
547 1563 611 1608 non
641 1541 853 1627 Callistratus,
883 1542 1002 1627 quippe
1032 1543 1087 1626 qui
1113 1543 1211 1609 choro
1234 1564 1387 1610 concesso

251 1648 330 1714 nihil
363 1647 581 1716 commisisset.
631 1648 746 1730 ltaque
780 1647 931 1730 quoniam
963 1669 1090 1732 poenae
1122 1648 1282 1733 repetitae
1315 1656 1388 1714 snut

251 1773 315 1818 non
342 1751 384 1817 ab
415 1750 585 1834 archonte,
616 1750 676 1816 sed
701 1772 723 1818 a
746 1750 941 1835 Callistrato,
969 1751 1056 1818 illum
1078 1771 1214 1818 censura
1236 1751 1386 1818 scaenica

250 1875 341 1922 usum
366 1875 430 1920 non
460 1873 531 1920 esse
558 1853 679 1936 liquide
707 1861 854 1939 apparet.
882 1855 1014 1939 ¹Neque
1035 1854 1070 1922 id
1092 1855 1205 1922 mirum
1227 1863 1286 1941 est,
1315 1877 1386 1921 cum

248 1959 311 2026 illis
344 1957 541 2043 temporibus
574 1958 766 2024 comicorum
799 1958 932 2024 licentia
958 1960 1046 2024 nulla
1073 1960 1147 2043 lege
1174 1967 1231 2026 aut
1259 1961 1385 2026 vinculo

250 2063 391 2131 coercita
413 2061 518 2129 fuerit.
548 2063 721 2129 Poetarum
742 2061 883 2146 ipsorum
905 2069 976 2128 erat
998 2063 1094 2129 saluti
1108 2082 1186 2130 suae
1202 2064 1386 2150 prospicere

251 2174 284 2234 ct
317 2188 434 2234 cavere
466 2165 609 2251 iniurias,
644 2166 877 2252 accusationes,
913 2166 1029 2251 capide
1062 2166 1216 2252 pericula.
1270 2170 1388 2252 Itaque

249 2271 370 2338 Lubkii
408 2271 532 2356 opinio,
567 2291 761 2354 quamquam
794 2271 861 2337 alia
893 2271 943 2337 vir
975 2271 1090 2338 doctus
1122 2271 1254 2356 protulit
1286 2274 1386 2339 multa

250 2396 355 2460 neque
378 2373 570 2460 spernenda,
593 2374 758 2442 reicienda
780 2381 840 2442 est.
1363 2433 1367 2438 .

335 2480 439 2564 Atqui
465 2485 551 2562 sunt,
586 2479 640 2562 qui
671 2478 769 2546 etiam
798 2479 1046 2564 Aristophanem
1075 2502 1096 2546 a
1123 2481 1242 2548 Cleone
1271 2503 1386 2550 caussa

250 2585 384 2671 petitum
407 2590 441 2651 et
462 2589 614 2651 'vexatum
637 2603 707 2650 esse
732 2583 852 2669 dicant,
876 2590 974 2667 atque
996 2584 1140 2650 nituntur
1159 2584 1193 2650 hi
1216 2586 1276 2651 uiri
1298 2586 1384 2652 docti

248 2687 437 2757 testimoniis
473 2687 767 2772 grammaticorum,
803 2689 857 2771 qui
894 2695 1025 2772 poetam
1056 2710 1077 2754 a
1107 2689 1226 2756 Cleone
1255 2689 1384 2756 crimine

250 2790 490 2878 peregrinitatis
512 2798 699 2858 accusatum
722 2811 793 2858 esse
817 2792 1026 2858 tradiderunt.
1074 2793 1115 2858 Ei
1137 2814 1223 2878 vero,
1247 2795 1302 2877 qui
1323 2794 1383 2879 pri-

248 2917 334 2962 mam
350 2916 476 2980 quoque
493 2915 649 2980 caussam,
670 2915 735 2979 qua
751 2896 969 2962 Callistratum
983 2895 1119 2981 petitum
1134 2917 1205 2963 esse
1221 2897 1383 2982 evicimus,

249 3006 361 3067 contra
388 2998 636 3089 Aristophanem
665 2999 769 3085 ipsum
791 3000 948 3066 intentam
970 3019 1040 3066 esse
1063 3021 1234 3085 perperam
1256 3008 1384 3068 conten-

250 3105 337 3190 drmt,
354 3111 485 3190 poetam
500 3103 614 3170 iterum
629 3102 720 3170 noris
735 3103 1026 3171 machinationibus
1036 3105 1080 3170 ab
1092 3104 1220 3170 inimico
1232 3111 1383 3171 vexatum

249 3229 321 3277 esse
355 3208 417 3274 sibi
446 3213 682 3292 persuaserunt.
731 3210 769 3273 In
799 3207 912 3273 horum
936 3225 1068 3275 numero
1095 3213 1168 3273 sunt
1190 3208 1249 3273 Th.
1273 3207 1382 3290 Bergk

248 3296 300 3397 ap.
329 3311 425 3378 Mein.
454 3311 491 3376 fr.
521 3311 561 3376 Η.
593 3330 669 3395 pag.
699 3311 763 3375 934
797 3317 830 3375 et
859 3310 897 3374 A.
926 3310 1040 3376 Mtiller
1072 3309 1105 3375 in
1139 3309 1213 3377 edit.
1241 3309 1380 3374 Acham.

247 3436 324 3501 pag.
347 3415 437 3480 XIII.
483 3414 550 3480 Sed
574 3414 735 3496 Cleonem,
758 3418 930 3496 postquam
951 3413 1056 3497 prima
1078 3411 1281 3480 accusatione
1303 3411 1383 3477 nihil

247 3521 300 3586 vel
322 3519 391 3586 fere
413 3517 492 3583 nihil
515 3524 626 3584 contra
648 3515 897 3601 Aristophanem
921 3553 961 3564 -
984 3538 1027 3582 ex
1048 3516 1182 3600 Bergkii
1204 3522 1237 3582 et
1258 3515 1384 3583 hlhllcri

247 3623 408 3692 sententia
443 3661 480 3672 —-
516 3621 634 3705 effecit,
669 3620 778 3686 statim
811 3622 948 3687 alteram
980 3620 1070 3687 litem
1101 3626 1215 3687 contra
1248 3621 1385 3686 eundem

249 3733 463 3796 contestatum
485 3747 556 3792 esse
579 3724 785 3809 putabimus?
818 3725 902 3792 Nam
925 3723 1023 3791 ctiam
1045 3724 1130 3791 hanc
1145 3713 1294 3790 caussam
1308 3713 1385 3790 ante

247 3832 473 3898 Acharnenses
496 3829 618 3895 dictam
640 3847 711 3894 esse
733 3827 780 3892 illi
803 3828 1007 3895 arbitrantur.
1052 3826 1211 3910 Equidem
1232 3827 1386 3894 Cleonem
1419 3850 1422 3855 ·

247 3943 315 4004 tam
343 3933 562 4019 imprudenter
591 3931 709 3998 fecisse
732 3931 865 3998 credere
887 3953 950 3998 non
973 3952 1110 4016 possum,
1140 3951 1213 3996 cum
1234 3931 1385 4014 dignitati

248 4037 496 4121 auctoritatique
524 4057 602 4102 suae
632 4035 760 4102 minime
783 4036 1003 4121 consuluisset,
1031 4035 1074 4101 ab
1102 4034 1249 4100 omnibus
1278 4034 1385 4119 potius

246 4143 383 4213 ludibrio
406 4141 653 4226 habitus-esset,
676 4139 703 4206 si
726 4161 765 4206 eo
781 4141 991 4224 processisset
1007 4137 1180 4205 vecordiae
1197 4144 1231 4204 et
1245 4139 1383 4223 ultionis,

247 4258 282 4317 ut
304 4269 385 4332 eum,
409 4246 464 4330 qui
486 4245 594 4330 paullo
618 4248 693 4310 ante
716 4250 900 4310 senatorum
922 4237 1231 4326 suffragiis'iugcnti
1254 4241 1384 4308 crimine

246 4354 401 4420 liberatus
428 4357 508 4434 erat,
537 4387 574 4397 -
604 4369 680 4414 nam
703 4347 763 4414 etsi
785 4348 923 4416 sortasse
946 4369 1050 4433 parva
1071 4346 1212 4431 pecunia
1232 4347 1385 4411 multatus

247 4460 331 4538 erat,
373 4460 481 4520 tamen
517 4459 607 4520 tanto
645 4451 791 4535 crimine,
830 4472 893 4535 quo
930 4453 1031 4518 Cleon
1068 4473 1140 4518 eum
1177 4450 1384 4535 aspergebat,
