3167 4992
700 333 939 396 ,ης---

222 517 418 604 ἕπικουρεῖδ
439 519 575 604 ποιητὴς
589 529 656 594 τοῖς
670 524 808 595 θεαταῖς
823 521 911 602 ὑμῖν,
928 520 1013 583 άλλά
1028 521 1072 584 δι’
1087 518 1201 608 ἑτέρων
1217 544 1362 605 ποιητοιν

222 622 346 709 λάθρα,
374 621 486 708 ἐπειδη
516 623 572 686 διά
604 623 787 688 Φιλωνίδου
816 626 868 686 καὶ
892 623 1134 710 Καλλιστράτου
1157 628 1267 688 καθίει
1289 624 1362 690 τινὰ

222 729 286 790 τάν
316 725 499 812 δραμάτων.
538 731 670 814 πρῶτον
697 727 757 813 γάρ
790 727 900 814 δρᾶμα
928 727 970 790 δι’
1000 726 1120 793 ἑαυτοῦ
1141 732 1266 814 καθῆκε
1287 729 1361 804 τοδς

223 831 369 904 Ἱππέας.
462 847 469 852 ’

181 961 184 966 ·
308 935 352 999 At
380 939 482 1000 restat
512 934 635 1016 aliquid
658 935 858 1000 difficultatis
880 936 913 1000 in
935 956 1066 1001 numero
1089 936 1206 1020 plurali
1227 934 1362 1022 ἑτέροισι

223 1048 383 1123 ποιηταῖς,
409 1059 480 1104 cum
502 1057 582 1104 unus
606 1039 808 1104 Callistratus
834 1039 970 1122 intelligi
992 1039 1103 1125 possit.
1155 1039 1252 1117 Quae·
1269 1062 1361 1124 prae-

223 1143 342 1209 cedunt
369 1143 469 1208 verba
498 1141 681 1228 ἒιτικουρῶν
707 1142 850 1228 κρύβδην
879 1143 956 1207 mihi
979 1143 1108 1225 quidem
1131 1143 1209 1208 nihil
1232 1149 1362 1209 movent

223 1245 446 1330 dubitationis,
482 1267 558 1311 narn
585 1245 818 1330 Aristophanes
847 1247 966 1312 fabulis
993 1249 1154 1314 concessis
1177 1249 1361 1314 Callistrato

224 1357 256 1416 et
271 1349 432 1416 Philonidi
454 1370 568 1415 revera
591 1351 800 1416 succurrebat
816 1351 868 1415 vel
884 1370 940 1416 eos
956 1351 1142 1436 adiuvabat,
1167 1358 1265 1434 atque
1281 1353 1361 1418 illud

223 1453 353 1538 quidem
381 1454 465 1518 clam
492 1454 620 1538 populo.
667 1453 734 1519 Sed
762 1454 840 1536 quid
863 1455 904 1520 de
926 1476 1057 1520 numero
1079 1456 1221 1540 plurali?
1266 1456 1361 1541 Quid,

223 1558 250 1625 si
271 1563 370 1642 poeta
392 1557 568 1641 paullulum
583 1556 751 1639 gloriosius
765 1558 892 1623 locutus
907 1560 980 1624 est‘?
1011 1559 1046 1623 Si
1061 1580 1171 1624 verum
1186 1562 1362 1644 paullulum

224 1660 384 1728 correxit?
415 1661 465 1724 An
493 1682 556 1725 non
579 1662 786 1744 putabimus?
820 1663 941 1727 Fateor
961 1662 1047 1728 hanc
1069 1684 1175 1729 meam
1197 1685 1268 1731 esse
1291 1685 1362 1730 sen-

223 1763 366 1848 tentiam,
383 1785 454 1829 cum
471 1763 535 1828 alio
551 1764 646 1829 modo
661 1765 820 1848 pluralem
834 1765 1038 1851 interpretari
1050 1787 1179 1852 prorsus
1190 1789 1359 1850 nequeam.

225 1869 374 1936 Ceterum
396 1867 518 1933 comico
541 1869 607 1932 tale
624 1869 748 1950 aliquid
761 1889 826 1933 non
840 1875 948 1952 potest
962 1869 1041 1934 vitio
1056 1870 1148 1953 verti,
1171 1873 1362 1954 praesertim
1378 1930 1382 1935 .

225 1994 297 2040 oum
319 1972 417 2038 etiam
432 1971 627 2055 Philonides
652 1993 723 2036 cnm
745 1981 844 2056 poeta
866 1972 950 2038 haec
969 1974 1070 2038 verba
1085 1974 1250 2058 scriberet,
1274 1975 1364 2040 fabu-

224 2080 289 2143 lam
303 2075 582 2158 Aristophaneam,
606 2075 717 2142 Nubes
735 2075 873 2158 scilicet,
896 2076 962 2140 iam
985 2076 1155 2161 docuisset,
1180 2078 1221 2143 de
1245 2099 1310 2161 qua
1330 2100 1365 2144 ro

225 2181 309 2246 infra
339 2178 521 2245 accuratius
548 2169 791 2262 disputabimus.
844 2179 931 2245 Fieri
953 2179 1051 2262 igitur
1074 2180 1171 2246 facile
1194 2182 1308 2266 potuit,
1331 2188 1367 2246 ut

224 2284 455 2368 Aristophanes
483 2282 576 2348 huius
604 2282 652 2348 rei
679 2304 800 2348 memor
828 2289 1006 2366 temporum
1028 2284 1139 2350 ordine
1162 2284 1225 2350 hac
1247 2307 1312 2350 una
1334 2271 1366 2349 in

225 2410 260 2454 re
282 2387 385 2452 minus
409 2386 580 2469 diligenter
603 2391 731 2452 servato
755 2385 796 2451 de
812 2386 969 2451 industria
984 2387 1141 2470 pluralem
1156 2395 1291 2473 poneret
1306 2410 1364 2473 pro

226 2491 418 2576 simpliciore
441 2489 604 2572 singulari.
640 2490 707 2554 Sed
729 2495 800 2554 utut
822 2490 905 2554 haec
926 2501 980 2555 res
1001 2509 1036 2555 se
1058 2491 1168 2576 hahet,
1191 2492 1270 2557 illud
1293 2513 1364 2558 meo

226 2594 345 2661 iudicio
376 2593 515 2659 dilucide
544 2592 681 2658 efficitur
709 2613 750 2658 ex
772 2593 844 2676 hoc,
873 2593 925 2658 de·
938 2614 1000 2676 quo
1023 2593 1158 2678 agimus,
1186 2596 1367 2680 Vesparum

225 2701 297 2764 loco
327 2697 554 2781 Callistratum,
590 2697 644 2780 qui
676 2697 816 2762 maxime
849 2697 1078 2780 intelligendus
1105 2698 1146 2763 sit
1174 2699 1207 2762 in
1234 2697 1367 2785 ἑτέροισι

228 2812 390 2888 ποιηταῖς,
420 2808 551 2886 poetam
578 2801 733 2867 comicum
756 2802 864 2868 fuisse.
914 2804 984 2867 Iam
1006 2802 1103 2885 igitur
1125 2802 1226 2887 ipsius
1248 2803 1367 2875 Aristo-

226 2907 343 2993 phanis
384 2905 564 2972 testimonio
606 2905 641 2970 id
684 2906 770 2988 quod
808 2906 963 2990 suspicati
1006 2926 1113 2972 sumus
1149 2928 1260 2972 verum
1298 2928 1368 2974 esse
1429 2898 1431 2902 ’

229 3011 370 3079 evictum
393 3016 451 3076 est.
782 3015 785 3020 “

313 3115 456 3198 Uterque
489 3114 596 3198 igitur,
631 3119 663 3191 et
694 3112 896 3178 Callistratus
930 3118 963 3178 et
996 3112 1192 3197 Philonides,
1229 3114 1369 3179 comicus

227 3219 288 3284 fuit
309 3225 417 3303 poeta.
468 3219 511 3282 At
540 3238 611 3283 cum
639 3216 833 3282 clarissimus
861 3221 948 3281 certe
976 3222 1090 3281 neuter
1113 3216 1218 3300 fuerit,
1249 3218 1369 3282 nullam

229 3341 299 3387 esse
323 3319 498 3386 Callistrati
520 3326 668 3404 poetae
697 3319 785 3403 apud
808 3318 889 3384 alios
911 3318 1105 3384 mentionem
1127 3341 1190 3385 non
1214 3320 1369 3386 debemus

227 3423 351 3506 mirari,
379 3444 453 3488 nam
481 3421 516 3487 id
538 3421 609 3487 aliis
633 3442 760 3504 qnoque
783 3421 914 3504 accidit,
938 3421 980 3486 de
1004 3421 1128 3505 quibus
1157 3423 1218 3506 nisi
1240 3423 1369 3488 nomina

230 3549 339 3594 eorum
361 3546 439 3592 casu
461 3525 568 3608 aliquo
590 3524 837 3609 accepissemus,
860 3523 939 3588 nihil
955 3531 1153 3609 compertum
1167 3525 1368 3610 haberemus,

229 3630 329 3696 veluti
351 3629 450 3715 Lycis
472 3630 553 3694 Ran.
570 3648 616 3694 vs.
637 3629 676 3694 14
699 3634 733 3693 et
753 3627 974 3713 Pythangelos
995 3627 1138 3711 tragicus
1153 3649 1198 3694 vs.
1215 3631 1256 3694 87
1272 3630 1369 3714 plane

231 3734 335 3818 ignoti
357 3738 438 3799 sunt.

318 3837 385 3904 Sed
399 3836 464 3900 iam
479 3835 578 3900 instat
594 3833 750 3917 quaestio,
768 3855 824 3898 cur
839 3833 970 3898 tandem
984 3831 1069 3897 hanc
1084 3833 1170 3897 viam
1186 3832 1370 3899 comoedias

232 3962 307 4008 suas
336 3939 474 4006 docendi
502 3944 568 4003 tam
591 3957 691 4022 saepe
714 3943 813 4021 poeta
835 3937 997 4019 ingressus
1019 3935 1070 4001 sit.
1116 3935 1256 4000 Primam
1279 3935 1370 4002 fabu-

231 4048 334 4113 larum
349 4043 597 4128 Aristophanem
619 4061 675 4106 suo
691 4039 818 4105 nomine
835 4039 982 4105 docuisse
997 4039 1132 4122 Equites
1147 4039 1217 4123 ipse
1234 4045 1371 4107 testatur
1454 4037 1457 4042 ’

232 4152 314 4234 Equ.
338 4169 384 4214 vs.
409 4149 472 4214 512
495 4167 583 4230 sqq:

298 4257 320 4316 ἃ
343 4253 378 4316 δὲ
400 4250 584 4334 θαυμάζειν
606 4249 696 4332 ὑμῶν
719 4265 818 4333 φησιν
833 4247 978 4321 πολλοὺς
993 4248 1081 4334 αὐτῷ
1096 4249 1296 4338 προσιόντας

196 4431 198 4434 ,
298 4355 562 4439 caesaraeum,
581 4353 624 4428 ὥς
643 4354 714 4435 οὐχὶ
728 4353 833 4416 πάλαι
849 4353 948 4438 χορὸν
965 4353 1070 4436 αἰτοίη
1082 4353 1160 4414 καθ’
1173 4351 1303 4428 ἑαυτόν,

298 4462 381 4551 η”ηιάς
403 4460 480 4544 ὑμῖν
500 4457 619 4520 ἐκέλευε
643 4458 766 4546 φράσαι
789 4457 864 4545 περὶ
887 4456 1016 4520 τούτου.
