3167 4992
674 388 885 452 ..19-

218 571 442 638 documentum
465 575 629 658 egregium
645 575 899 642 tharuensium
921 577 1033 642 fabula
1051 578 1197 661 praebet.
1228 577 1353 643 Eadem

219 674 260 740 de
288 696 404 742 caussa
433 679 473 744 de
502 699 537 744 se
564 678 693 762 suisque
720 680 816 745 rebus
843 680 904 745 nisi
930 680 963 745 in
992 680 1039 745 eis
1062 681 1244 765 comoediis,
1274 702 1354 765 quas

218 777 289 861 ipse
312 778 428 846 docere
452 781 513 846 sibi
535 789 756 867 proposuerat,
779 803 845 849 nou
866 788 995 866 poterat
1017 783 1165 850 fabulari.

305 883 480 966 Postquam
502 885 584 950 haec
606 885 639 950 in
661 886 843 951 universum
866 886 1078 971 exposuimus,
1108 887 1260 971 optimum
1283 908 1354 954 esse

219 986 296 1051 mihi
325 987 452 1053 videtur
474 987 616 1070 singulas
640 988 795 1074 deinceps
818 990 1002 1055 comoedias
1025 1011 1226 1075 percensere,
1253 998 1289 1055 ut
1310 991 1355 1056 vi-

221 1089 361 1174 deamus,
386 1090 463 1172 quid
479 1089 519 1156 de
535 1090 782 1174 uniuscuiusque
798 1093 931 1159 fabulae
948 1093 1178 1178 commissione,
1203 1102 1356 1177 quantum
1378 1167 1381 1173 ‚

220 1194 348 1276 quidem
375 1195 420 1260 ad
448 1195 664 1262 Callistratum
692 1197 760 1262 sive
789 1197 833 1262 ad
855 1197 1056 1264 Philonidem
1085 1199 1255 1284 pertineat,
1287 1201 1355 1266 erui

220 1305 252 1364 et
274 1298 372 1365 statui
394 1300 505 1384 possit.
1140 1375 1144 1383 ¹

304 1404 444 1470 Primam
477 1404 615 1470 omnium
644 1404 869 1489 Aristophanis
897 1393 1079 1471 fabularum
1106 1405 1205 1473 fuisse
1235 1407 1356 1473 Daeta-

219 1508 326 1573 lenses
354 1509 407 1573 vel
428 1508 601 1594 Epuloues,
629 1508 657 1573 si
684 1510 794 1592 placet
820 1515 956 1593 vertere,
984 1509 1067 1575 inter
1089 1531 1198 1576 omnes
1221 1517 1356 1577 constat.

220 1610 304 1675 Acta
327 1616 376 1676 est
399 1631 482 1676 anno
505 1613 545 1678 ol.
570 1614 621 1696 88,
647 1614 663 1678 1
688 1614 825 1678 ve1427
850 1633 879 1678 a.
896 1613 953 1678 Ch.
977 1602 1007 1678 h.
1024 1614 1165 1680 Diotimo
1186 1615 1355 1700 archonte3

221 1715 323 1779 Auon.
340 1716 414 1800 περὶ
431 1738 508 1798 nep.
525 1717 589 1781 III:
613 1715 743 1792 ἐδίδαξε
760 1715 795 1778 δὲ
812 1721 940 1802 πρῶτος
955 1715 1010 1779 ἐπὶ
1026 1719 1183 1802 ἄρχοντος
1200 1723 1358 1802 Διοτίμου

222 1816 278 1879 διὰ
311 1817 563 1904 Καλλιστράτου.
618 1820 732 1901 Neque
769 1840 843 1884 vero
876 1819 1029 1884 traditum
1058 1826 1116 1904 est,
1147 1822 1288 1887 Lenaeis
1316 1843 1359 1887 an

220 1921 384 2007 Dionysiis
407 1923 532 2006 magnis
555 1922 724 1988 commissa
747 1923 797 1988 sit.
828 1924 945 1988 Errant
968 1923 1061 2008 euim,
1086 1924 1139 2006 qui
1162 1946 1203 1989 ex
1219 1925 1357 2010 Aeliam.

220 2046 266 2091 VS.
293 2026 391 2092 1155:
480 2046 483 2052 '
836 2105 842 2117 Ι

329 2135 364 2206 ὃς
387 2133 415 2211 γ’
440 2132 497 2217 (sc.
513 2133 720 2216 Ἀντίμαχος)
744 2131 798 2215 ἐμὲ
820 2133 878 2198 τὸν
899 2132 1044 2218 τλήμονα
1059 2131 1190 2217 Λήναια
1210 2137 1359 2219 χορηγῶν

994 2236 1133 2299 dodico?
1155 2236 1317 2302 ἄδειπνον

223 2339 465 2404 Daetaleusium
487 2339 630 2406 fabulam
649 2338 789 2406 Lenaeis
813 2339 1038 2405 ascribendam
1061 2360 1132 2406 esse
1156 2341 1358 2426 concludunt,

223 2463 295 2508 cum
318 2443 448 2508 chorum
470 2444 513 2508 ad
528 2445 662 2510 Lenaea
685 2444 760 2509 anni
782 2445 846 2509 426
870 2444 1013 2510 alludere
1038 2452 1286 2511 consentaneum
1301 2445 1359 2527 sit3

220 2548 344 2614 namsi
367 2548 585 2615 totohienuio
609 2555 684 2614 ante
708 2549 918 2614 Antimachus
939 2548 972 2613 id
997 2549 1215 2634 commisisset,
1239 2549 1359 2614 Aristo-

221 2653 345 2737 phanes
378 2653 462 2718 hanc
495 2674 572 2738 rem,
608 2675 691 2737 quae
719 2653 774 2719 diu
802 2653 1022 2740 obsolevisset,
1056 2675 1120 2719 non
1141 2646 1359 2720 memorasset.

221 2757 397 2824 Praeterea
429 2758 622 2823 monendum
650 2763 700 2822 est
728 2758 859 2822 chorum
888 2779 951 2823 non
980 2758 1020 2822 de
1043 2757 1258 2842 Aristophane
1289 2779 1360 2842 pro-

221 2861 383 2946 nuntiare,
418 2882 512 2944 quem
545 2861 755 2927 Antimachus
788 2862 833 2926 ad
867 2883 981 2927 cenam
1013 2883 1077 2927 nou
1110 2862 1289 2928 vocaverit:
1325 2883 1359 2928 se

223 2951 338 3049 ipsum,
360 2985 431 3030 eum
452 2965 605 3050 proximis
619 2965 760 3032 Lenaeis
776 2965 977 3031 comoediam
992 2966 1112 3048 egisset
1127 2965 1236 3031 nescio
1253 2986 1359 3051 quam,

222 3070 306 3133 male
330 3069 496 3154 apparatis
519 3070 621 3155 epulis
645 3077 700 3136 aut
723 3091 786 3134 non
803 3090 931 3153 prorsus
954 3070 996 3134 ab
1011 3069 1203 3134 Antimacho
1219 3068 1359 3152 chorego

223 3172 392 3238 invitatum
414 3194 484 3240 esse
508 3174 719 3258 conqueritur.
1265 3245 1269 3250 .

216 3295 218 3302 ·
283 3278 448 3342 ·Doctam
475 3298 545 3344 esse
569 3277 813 3344 Daetaleusium
842 3276 1041 3342 comoediam
1062 3297 1122 3360 per
1144 3276 1361 3343 Callistratum

223 3380 288 3444 iam
311 3379 456 3447 diximus.
502 3380 545 3446 At
567 3389 649 3468 sunt,
678 3383 732 3464 qui
754 3380 915 3446 Philonidi
938 3403 1011 3446 eam
1032 3380 1174 3446 tribuant
1182 3384 1206 3464 ¹)
1228 3381 1278 3446 his
1300 3382 1362 3447 nisi

223 3482 420 3550 testimoniis.
465 3485 661 3551 Mentiouem
690 3484 770 3550 facit
797 3484 1028 3568 Aristophanes
1055 3484 1178 3568 primae
1207 3504 1285 3550 suae
1314 3484 1361 3550 fa-

224 3587 319 3653 bulae
339 3589 424 3656 'Nuh
441 3609 487 3655 vs.
504 3591 567 3655 528
583 3609 662 3672 sqq,
687 3609 766 3670 quos
789 3608 886 3672 supra
910 3587 1143 3672 exscripsimus.
1174 3588 1289 3656 Notaui
1310 3589 1361 3654 his

225 3691 369 3757 versibus
390 3693 606 3759 Daetalenses
636 3692 775 3758 affirmat
804 3692 1004 3776 scholiastes,
1039 3692 1092 3775 qui
1123 3693 1290 3758 annotavit
1318 3692 1362 3757 ad

201 3814 270 3866 ,vs
294 3796 372 3861 531:
408 3807 488 3870 παῖς
516 3796 545 3859 δ’
569 3795 675 3882 ἑτέροις
713 3796 896 3879 Φιλωνίδης
923 3796 976 3858 καὶ
1004 3795 1252 3881 Καλλίστρατος.
1290 3794 1362 3857 ἐπεὶ

225 3899 263 3963 οδ
292 3899 334 3961 δι’
358 3897 477 3964 ἑαυτοῦ
503 3899 634 3976 ἐδίδαξε
656 3900 731 3974 τούς
754 3899 938 3974 Δαιταλεῖς,
964 3903 1095 3983 πρῶτον
1117 3899 1220 3962 αὐτοῦ
1242 3897 1361 3983 δρᾶμα.

225 4002 318 4079 Quod
341 4023 413 4068 oum
434 4002 620 4073 Philonides
648 4009 680 4069 et
703 4003 905 4068 Callistratus
935 4002 1090 4067 hocloco
1113 3999 1267 4065 nominati
1289 4000 1361 4084 sint,

224 4127 286 4171 uon
309 4126 390 4171 unus
411 4106 622 4191 Callistratus,
647 4127 845 4190 consequens
868 4126 949 4190 csse,
973 4111 1008 4170 ut
1028 4104 1242 4169 Daetalenses
1257 4104 1362 4169 Philo-

223 4209 315 4276 nides
339 4210 493 4296 docuerit,
518 4232 590 4278 cum
612 4210 784 4296 Babylonii
807 4215 863 4275 aut
885 4210 1111 4274 Achamenses
1134 4228 1154 4273 a
1178 4205 1362 4274 Callistrato

295 4367 315 4436 ¹)
338 4367 495 4422 Fritzsehe.
523 4368 640 4432 Quaest.
663 4365 753 4420 Arist.
775 4366 855 4436 Lips.
880 4365 956 4419 1835.
982 4370 1052 4418 tom.
1075 4363 1098 4418 Ι.
1121 4382 1149 4433 p.
1168 4363 1227 4418 312.
1268 4363 1363 4418 Kock.

224 4451 270 4506 De
293 4452 368 4508 Phil.
392 4461 421 4508 et
445 4453 516 4509 Call.
539 4472 567 4524 p.
588 4454 627 4508 19.
668 4452 803 4507 Dindorf.
834 4457 912 4522 poet.
938 4468 1033 4504 scaen.
1058 4448 1161 4505 Graec.
1184 4449 1263 4518 Lips.
1288 4451 1363 4503 1869.

224 4557 253 4610 p.
274 4540 330 4594 182.
366 4540 478 4594 Ranke.
505 4541 557 4596 vit.
576 4538 664 4593 Arist.
684 4556 730 4608 ap.
753 4538 840 4592 Mein.
859 4555 887 4607 p.
905 4537 971 4591 XX.
990 4536 1048 4590 alii.

1122 4640 1154 4692 2*
