3167 4992
669 261 879 326 -17.„

85 468 89 495 ¹
204 449 436 536 Aristophanes
466 450 508 516 ab
536 449 680 516 omnibus
709 451 938 516 extolleretur?
979 449 1184 516 Manifestum
1214 455 1264 516 est
1290 469 1341 516 oc·

82 546 88 655 i
204 554 305 620 micos
331 555 410 620 talia
438 557 618 640 prolaturos
644 575 707 620 non
730 553 838 638 fuisse,
868 554 929 618 nisi
952 553 1155 620 Callistratus
1181 555 1214 619 et
1236 553 1341 618 Philo·

82 662 83 671 ’
204 659 297 724 nides
326 681 347 724 a
367 653 492 744 'populo
514 659 583 724 veri
606 657 842 724 comoediarum
864 657 1170 742 Aristophanearum
1193 664 1342 724 auctores

205 764 314 847 putati
333 771 448 829 essent.
499 763 557 828 His
579 762 657 846 ipsis
681 762 878 827 aemulorum
901 760 1159 827 cavillationibus
1182 762 1343 828 sententia

204 874 314 933 nostra
336 867 584 934 luculentissime
607 867 770 951 probatm·.
810 865 877 931 Sed
900 886 1095 949 quamquam
1109 865 1342 950 Aristophanes

204 972 322 1043 talibus
356 971 508 1038 conviciis
541 971 683 1054 undique
718 970 923 1055 carpebatur,
957 969 1086 1034 minime
1118 969 1243 1036 ratione
1274 971 1341 1055 illa,

205 1096 301 1158 quam
323 1076 414 1159 sequi
436 1076 571 1161 solebat,
594 1075 691 1142 laude
715 1081 771 1140 aut
793 1073 897 1156 gloria
919 1093 954 1138 se
977 1072 1112 1140 orbavit.

291 1182 393 1247 Poeta
425 1164 608 1248 comoedias
640 1179 779 1246 scribere
808 1179 888 1244 satis
917 1178 1071 1262 habebat,
1105 1176 1204 1243 etiam
1230 1177 1342 1244 modos

205 1283 342 1349 musicos
365 1284 501 1350 tortasse
525 1285 748 1369 componebat,
772 1302 967 1366 quamquam
990 1281 1031 1346 de
1054 1281 1118 1347 hac
1139 1302 1174 1348 re
1195 1281 1342 1347 dubitare
1447 1271 1449 1276 ’

206 1387 292 1472 licet,
321 1400 393 1452 eum
415 1388 637 1472 Aristophanis
660 1393 769 1452 aetate
792 1393 911 1470 poetae
934 1386 997 1450 hoc
1018 1405 1130 1450 munus
1156 1386 1342 1470 plerumque

206 1489 283 1555 viris
316 1491 394 1555 artis
428 1491 638 1575 componendi
672 1490 816 1574 inprimis
849 1489 961 1575 peritis
994 1490 1124 1556 tradere
1157 1489 1298 1555 solerent
1309 1494 1341 1575 ¹).

206 1593 425 1660 Molestiarum
446 1593 653 1678 Aristophani
680 1594 758 1658 nihil
786 1602 865 1678 erat,
895 1616 966 1661 cum
994 1594 1061 1660 alia
1082 1595 1214 1678 negotia
1237 1595 1343 1661 omnia

206 1697 361 1763 vicarius·
378 1704 573 1780 procuraret.
618 1698 711 1762 Hune
738 1718 826 1780 vero,
844 1698 913 1762 ubi
948 1698 1078 1763 chorum
1112 1700 1154 1764 ab
1189 1699 1342 1765 archonte

206 1799 437 1884 impetraverat
459 1821 638 1883 nomenque
662 1801 729 1866 eius
746 1801 838 1883 quasi
854 1801 993 1866 auctoris
1009 1801 1041 1865 in
1057 1803 1165 1867 album
1180 1804 1344 1887 publicum

207 1904 341 1970 relatum
364 1911 442 1989 erat,
466 1903 595 1989 publice
619 1905 725 1970 omnia
747 1911 915 1990 praestare
937 1906 1121 1972 necessario
1145 1927 1343 1991 consequens

207 2015 285 2072 erat.
331 2008 534 2093 Quapropter
567 2015 602 2074 ut
631 2009 760 2074 laudem
788 2009 849 2075 sibi
876 2010 1016 2094 parabat
1043 2011 1230 2078 comoediae
1261 2032 1344 2077 com-

205 2112 364 2196 missione,
398 2113 446 2177 ita
479 2113 664 2197 periculum,
699 2112 726 2178 si
759 2114 846 2195 quod
879 2135 898 2178 e
929 2114 1041 2180 fabula
1074 2118 1277 2201 nascebatur,
1312 2117 1343 2182 ei

205 2215 406 2280 subeundum
434 2221 512 2280 erat.
565 2216 693 2281 Revera
720 2222 828 2282 autern
850 2216 963 2282 vicarii
985 2239 1101 2285 nomen
1123 2222 1165 2286 ab
1188 2221 1342 2287 archonte

204 2317 237 2382 in
271 2319 378 2383 album
411 2320 546 2386 relatum
581 2339 662 2404 esse,
696 2341 890 2403 quamquam
924 2342 982 2406 per
1015 2326 1246 2408 reprobabile
1280 2333 1339 2412 est,

205 2442 400 2504 cognoscere
429 2423 505 2489 lieet
528 2444 569 2489 ex
590 2424 688 2490 schol.
713 2423 757 2490 ad
779 2425 833 2490 Ar.
857 2423 939 2492 Plut.
964 2447 1010 2494 vs.
1036 2430 1111 2496 179:
1231 2430 1341 2494 Φιλο-

204 2524 298 2610 νὶδην
332 2525 368 2589 δὲ
402 2527 441 2590 οδ
469 2527 526 2591 τὸν
553 2527 691 2612 ποιητήν
719 2546 797 2612 φησι
825 2528 883 2594 τὸν
908 2529 943 2594 ἐν
970 2541 1038 2606 τοϊς
1066 2532 1342 2620 Ἀριστοφανείοις

203 2628 463 2716 ἐγγεγραμμένον
497 2631 660 2716 δράμασιν
697 2632 767 2714 (τόν
800 2651 883 2698 τισιν
915 2634 1193 2720 Ἀριστοφανείοις
1229 2636 1340 2717 ἐπιγε-

203 2737 390 2818 γραμμένον
413 2733 575 2820 δράμασιν
589 2735 760 2820 Dindorf.),
778 2775 819 2785 —
835 2745 868 2802 et
884 2737 927 2802 ad
941 2739 1019 2809 Eur,
1032 2739 1184 2805 Androm.
1201 2761 1247 2806 vs.
1259 2743 1340 2808 445:

202 2837 377 2924 εἰλικρινῶς
409 2841 486 2914 τοὺς
514 2846 573 2906 τοῦ
601 2841 766 2927 δράματος
796 2842 935 2928 χρόνους
965 2844 1024 2907 οδκ
1051 2845 1116 2906 ἐστι
1143 2845 1270 2927 λαβεῖν·
1301 2847 1341 2910 οδ

206 2941 394 3005 δεδίδακται
417 2943 477 3029 γὰρ
498 2944 690 3028 Ἀθήνησιν·
715 2943 732 3006 ὁ
750 2943 786 3006 δέ
802 2944 1010 3026 Καλλίμαχος
1024 2944 1248 3032 ἐπιγραφῆναί
1262 2965 1340 3032 φησι

204 3049 240 3132 τῇ
262 3045 428 3131 τραγῳδίᾳ
447 3047 670 3131 Δημοκράτην,
694 3084 735 3094 -
759 3052 791 3110 et
814 3046 858 3111 ad
880 3047 934 3111 Ar.
951 3048 1032 3113 Rau.
1056 3068 1102 3115 vs.
1123 3050 1179 3115 78:
1204 3051 1339 3116 ...ἐπὶ

203 3154 248 3234 τῷ
281 3160 353 3223 ταῖς
384 3152 443 3212 τοῦ
477 3149 602 3235 πατρὸς
635 3147 832 3234 τραγῳδίαις
864 3148 1110 3236 ἐπιγράφεσθαι
1140 3153 1341 3237 κωμῳδεῖται

204 3256 262 3334 (sc.
277 3252 416 3337 Ἰοφῶν).
450 3251 556 3336 Atque
572 3253 634 3318 hoe
649 3253 791 3337 verbum,
809 3252 933 3318 scilieet
951 3253 1156 3340 ἐπιγράφειν,
1180 3256 1343 3341 proprium

203 3353 312 3438 fuisse,
348 3375 410 3438 quo
443 3356 470 3421 is
503 3356 631 3448 publice
663 3357 905 3442 significaretur,
941 3359 996 3442 qui
1026 3357 1170 3425 fabulam
1200 3361 1341 3448 doceret,

203 3465 342 3543 apparet
376 3479 501 3542 quoque
535 3482 576 3526 ex
609 3461 658 3526 his
691 3463 799 3528 verbis
826 3463 928 3528 Anon.
964 3464 1038 3549 περὶ
1066 3488 1146 3547 κωμ.
1168 3467 1231 3531 III:
1267 3468 1342 3542 τοὺς

202 3561 342 3636 λοιποὺς
369 3567 440 3646 (τοῦ
462 3563 583 3629 λοιποῦ
602 3565 763 3647 Dindorf.)
791 3565 1054 3651 ἐπιγραφόμενος
1076 3567 1165 3632 ἐνίκα
1188 3573 1244 3652 (sc.
1260 3567 1341 3656 Ἀρι-

204 3665 379 3750 στοφάνης)
414 3672 445 3731 et
474 3667 523 3732 his
550 3667 582 3732 in
611 3669 692 3733 Rau.
721 3690 789 3751 arg.
813 3671 843 3734 I:
883 3670 1063 3755 Φιλωνίδης
1090 3670 1258 3758 ἐπεγράφη
1287 3675 1341 3736 καὶ

203 3767 305 3843 ἐνίκα,
340 3790 423 3852 quae
456 3771 602 3836 Musurus
635 3771 667 3836 in
702 3772 843 3837 editione
877 3772 1005 3858 Aldina,
1044 3774 1132 3840 haud
1166 3775 1272 3861 dubie,
1306 3785 1342 3842 ut

203 3872 404 3938 Dindorfium
426 3893 552 3960 sequar,
581 3896 622 3940 ex
645 3875 757 3941 codice
781 3876 889 3959 aliquo
912 3876 1044 3961 recenti,
1072 3877 1179 3963 posuit
1200 3899 1259 3963 pro
1285 3878 1341 3943 διὰ

209 3975 405 4052 Φιλωνίδου,
435 3978 520 4061 quod
549 3978 582 4044 in
603 3979 719 4045 nostris
740 3979 906 4046 codicibus
929 3986 1097 4046 exaratum
1119 3988 1177 4047 est.
1223 3983 1341 4049 Verum

276 4221 295 4290 ¹)
313 4219 355 4276 Ut
373 4221 532 4292 exemplum
550 4224 605 4279 hue
625 4223 752 4292 afferam,
771 4225 801 4278 in
814 4225 883 4279 Vita
900 4224 1047 4293 Euripidis
1065 4223 1198 4294 legimus:
1217 4229 1243 4279 ot
1261 4227 1289 4280 δὲ
1307 4230 1340 4282 τὰ

203 4309 269 4374 μέλη
288 4305 363 4377 αὐτῷ
380 4311 468 4378 φασὶν
484 4307 617 4379 Ἰοφῶντα
636 4311 859 4381 (Κηφισοφῶντα
872 4310 1019 4378 Weleker,
1036 4311 1110 4365 male
1124 4319 1239 4368 secutus
1251 4314 1340 4368 schol.

89 4454 92 4459 ,
203 4395 241 4447 ad
259 4393 308 4447 Ar.
327 4395 398 4448 Rau.
417 4413 459 4450 vs,
478 4394 539 4464 944)
560 4405 648 4449 ποιεῖν
667 4395 681 4461 ἢ
703 4397 875 4469 Τιμοκράτην
898 4397 1027 4469 Ἀργεῖον.

255 4487 346 4541 Briel,
365 4487 400 4533 De
413 4487 549 4536 Callistrato
562 4495 585 4534 et
599 4489 730 4534 Philonide.
1119 4485 1135 4538 2
