<?xml version="1.0" encoding="UTF-8"?>
<!DOCTYPE html PUBLIC "-//W3C//DTD XHTML 1.0 Transitional//EN"
    "http://www.w3.org/TR/xhtml1/DTD/xhtml1-transitional.dtd">
<html xmlns="http://www.w3.org/1999/xhtml" xml:lang="en" lang="en">
 <head>
  <title>
</title>
<meta http-equiv="Content-Type" content="text/html;charset=utf-8" />
  <meta name='ocr-system' content='tesseract 3.04.00' />
  <meta name='ocr-capabilities' content='ocr_page ocr_carea ocr_par ocr_line ocrx_word'/>
</head>
<body>
  <div class='ocr_page' id='page_1' title='image "./decallistratoet01briegoog_0032.png"; bbox 0 0 3167 4992; ppageno 0'>
   <div class='ocr_carea' id='block_1_1' title="bbox 699 367 913 432">
    <p class='ocr_par' dir='ltr' id='par_1_1' title="bbox 699 367 913 432">
     <span class='ocr_line' id='line_1_1' title="bbox 699 367 913 432; baseline -0.009 -17"><span class='ocrx_word' id='word_1_1' title='bbox 699 367 913 432; x_wconf 69' lang='lat'><strong>„24-</strong></span> 
     </span>
    </p>
   </div>
   <div class='ocr_carea' id='block_1_2' title="bbox 231 556 1378 1162">
    <p class='ocr_par' dir='ltr' id='par_1_2' title="bbox 231 556 1378 1162">
     <span class='ocr_line' id='line_1_2' title="bbox 238 556 1376 644; baseline -0.001 -24"><span class='ocrx_word' id='word_1_2' title='bbox 238 558 461 644; x_wconf 63' lang='lat' dir='ltr'><strong>papaveratae</strong></span> <span class='ocrx_word' id='word_1_3' title='bbox 484 558 585 644; x_wconf 67' lang='grc' dir='ltr'><strong><em>ἀρχὰς</em></strong></span> <span class='ocrx_word' id='word_1_4' title='bbox 602 557 655 620; x_wconf 83' lang='grc' dir='ltr'><strong>καὶ</strong></span> <span class='ocrx_word' id='word_1_5' title='bbox 671 557 815 632; x_wconf 75' lang='grc' dir='ltr'><strong><em>Κλέωνα,</em></strong></span> <span class='ocrx_word' id='word_1_6' title='bbox 839 558 1014 644; x_wconf 82' lang='grc' dir='ltr'><em>παρόντων</em></span> <span class='ocrx_word' id='word_1_7' title='bbox 1029 561 1093 621; x_wconf 78' lang='grc' dir='ltr'><strong>τῶν</strong></span> <span class='ocrx_word' id='word_1_8' title='bbox 1108 561 1216 633; x_wconf 82' lang='grc' dir='ltr'><strong><em>ξένων.</em></strong></span> <span class='ocrx_word' id='word_1_9' title='bbox 1241 602 1248 619; x_wconf 89' lang='grc'><em>.</em></span> <span class='ocrx_word' id='word_1_10' title='bbox 1267 602 1300 618; x_wconf 89' lang='grc'><strong>..</strong></span> <span class='ocrx_word' id='word_1_11' title='bbox 1323 556 1376 619; x_wconf 85' lang='grc' dir='ltr'><strong>καὶ</strong></span> 
     </span>
     <span class='ocr_line' id='line_1_3' title="bbox 240 660 1378 748; baseline -0.001 -23"><span class='ocrx_word' id='word_1_12' title='bbox 240 661 296 725; x_wconf 86' lang='grc' dir='ltr'><strong>διὰ</strong></span> <span class='ocrx_word' id='word_1_13' title='bbox 317 664 414 726; x_wconf 82' lang='grc' dir='ltr'><strong><em>τοῦτο</em></strong></span> <span class='ocrx_word' id='word_1_14' title='bbox 438 662 602 748; x_wconf 73' lang='grc' dir='ltr'><strong><em>ὀργισθείς</em></strong></span> <span class='ocrx_word' id='word_1_15' title='bbox 626 662 643 725; x_wconf 87' lang='grc' dir='ltr'>ὁ</span> <span class='ocrx_word' id='word_1_16' title='bbox 660 661 769 726; x_wconf 78' lang='grc' dir='ltr'><strong><em>Κλέων</em></strong></span> <span class='ocrx_word' id='word_1_17' title='bbox 791 661 960 746; x_wconf 76' lang='grc' dir='ltr'><strong><em>ἐγράψατο</em></strong></span> <span class='ocrx_word' id='word_1_18' title='bbox 982 661 1083 725; x_wconf 75' lang='grc' dir='ltr'><strong><em>αὐτὸν</em></strong></span> <span class='ocrx_word' id='word_1_19' title='bbox 1103 660 1231 735; x_wconf 78' lang='grc' dir='ltr'><strong><em>ἀδικίας</em></strong></span> <span class='ocrx_word' id='word_1_20' title='bbox 1246 661 1288 734; x_wconf 80' lang='grc' dir='ltr'><strong>είς</strong></span> <span class='ocrx_word' id='word_1_21' title='bbox 1304 660 1378 734; x_wconf 84' lang='grc' dir='ltr'><strong>τούς</strong></span> 
     </span>
     <span class='ocr_line' id='line_1_4' title="bbox 231 764 1377 851; baseline -0.001 -23"><span class='ocrx_word' id='word_1_22' title='bbox 231 764 389 840; x_wconf 78' lang='grc' dir='ltr'><strong><em>πολίτας,</em></strong></span> <span class='ocrx_word' id='word_1_23' title='bbox 428 765 469 840; x_wconf 84' lang='grc' dir='ltr'><strong>ὠς</strong></span> <span class='ocrx_word' id='word_1_24' title='bbox 506 767 550 840; x_wconf 81' lang='grc' dir='ltr'><strong>εἰς</strong></span> <span class='ocrx_word' id='word_1_25' title='bbox 587 768 679 851; x_wconf 73' lang='grc' dir='ltr'><strong><em>ὕβριν</em></strong></span> <span class='ocrx_word' id='word_1_26' title='bbox 712 768 771 829; x_wconf 80' lang='grc' dir='ltr'><strong>τοῦ</strong></span> <span class='ocrx_word' id='word_1_27' title='bbox 808 765 913 849; x_wconf 82' lang='grc' dir='ltr'><strong><em>δήμου</em></strong></span> <span class='ocrx_word' id='word_1_28' title='bbox 948 765 1001 828; x_wconf 82' lang='grc' dir='ltr'><strong>καί</strong></span> <span class='ocrx_word' id='word_1_29' title='bbox 1035 769 1090 849; x_wconf 80' lang='grc' dir='ltr'><strong>τῆς</strong></span> <span class='ocrx_word' id='word_1_30' title='bbox 1123 765 1242 849; x_wconf 76' lang='grc' dir='ltr'><strong><em>βουλῆς</em></strong></span> <span class='ocrx_word' id='word_1_31' title='bbox 1276 768 1377 828; x_wconf 80' lang='grc' dir='ltr'><strong><em>ταῦτα</em></strong></span> 
     </span>
     <span class='ocr_line' id='line_1_5' title="bbox 235 862 1377 954; baseline -0.001 -23"><span class='ocrx_word' id='word_1_32' title='bbox 235 867 452 953; x_wconf 88' lang='grc' dir='ltr'><strong><em>πεποιηκότα.</em></strong></span> <span class='ocrx_word' id='word_1_33' title='bbox 499 868 590 946; x_wconf 80' lang='lat' dir='ltr'><strong>Quae</strong></span> <span class='ocrx_word' id='word_1_34' title='bbox 614 868 741 934; x_wconf 76' lang='lat' dir='ltr'>addidit</span> <span class='ocrx_word' id='word_1_35' title='bbox 763 869 864 935; x_wconf 83' lang='lat' dir='ltr'><strong>verba</strong></span> <span class='ocrx_word' id='word_1_36' title='bbox 887 867 940 953; x_wconf 82' lang='grc' dir='ltr'><strong>καί</strong></span> <span class='ocrx_word' id='word_1_37' title='bbox 970 872 1076 945; x_wconf 79' lang='grc' dir='ltr'><strong><em>ξενίας</em></strong></span> <span class='ocrx_word' id='word_1_38' title='bbox 1101 862 1137 932; x_wconf 75' lang='grc' dir='ltr'><strong>δὲ</strong></span> <span class='ocrx_word' id='word_1_39' title='bbox 1159 869 1259 932; x_wconf 82' lang='grc' dir='ltr'><strong><em>αὐτὸν</em></strong></span> <span class='ocrx_word' id='word_1_40' title='bbox 1279 867 1377 954; x_wconf 71' lang='grc' dir='ltr'><strong><em>ἐγρά-</em></strong></span> 
     </span>
     <span class='ocr_line' id='line_1_6' title="bbox 238 962 1378 1056; baseline 0.002 -22"><span class='ocrx_word' id='word_1_41' title='bbox 238 984 329 1055; x_wconf 76' lang='grc' dir='ltr'><strong><em>ψατο</em></strong></span> <span class='ocrx_word' id='word_1_42' title='bbox 352 962 406 1034; x_wconf 73' lang='grc' dir='ltr'><strong>καὶ</strong></span> <span class='ocrx_word' id='word_1_43' title='bbox 428 974 473 1052; x_wconf 77' lang='grc' dir='ltr'><strong>εἰς</strong></span> <span class='ocrx_word' id='word_1_44' title='bbox 495 974 608 1052; x_wconf 73' lang='grc' dir='ltr'><strong><em>ἀγῶνα</em></strong></span> <span class='ocrx_word' id='word_1_45' title='bbox 629 971 777 1054; x_wconf 70' lang='grc' dir='ltr'><strong><em>ἐνέβαλεν</em></strong></span> <span class='ocrx_word' id='word_1_46' title='bbox 800 993 884 1038; x_wconf 91' lang='lat' dir='ltr'><strong>nune</strong></span> <span class='ocrx_word' id='word_1_47' title='bbox 899 973 1045 1038; x_wconf 87' lang='lat' dir='ltr'><strong>consulto</strong></span> <span class='ocrx_word' id='word_1_48' title='bbox 1062 971 1182 1037; x_wconf 91' lang='lat' dir='ltr'><strong>omitto.</strong></span> <span class='ocrx_word' id='word_1_49' title='bbox 1213 971 1378 1056; x_wconf 83' lang='lat' dir='ltr'><strong>Repetivit</strong></span> 
     </span>
     <span class='ocr_line' id='line_1_7' title="bbox 239 1070 1378 1162; baseline -0.003 -21"><span class='ocrx_word' id='word_1_50' title='bbox 239 1077 326 1143; x_wconf 92' lang='lat' dir='ltr'><strong>idem</strong></span> <span class='ocrx_word' id='word_1_51' title='bbox 354 1075 483 1142; x_wconf 89' lang='lat' dir='ltr'><strong>brevius</strong></span> <span class='ocrx_word' id='word_1_52' title='bbox 511 1075 554 1141; x_wconf 91' lang='lat' dir='ltr'><strong>ad</strong></span> <span class='ocrx_word' id='word_1_53' title='bbox 582 1095 628 1140; x_wconf 88' lang='lat' dir='ltr'><strong>vs.</strong></span> <span class='ocrx_word' id='word_1_54' title='bbox 652 1076 730 1142; x_wconf 79' lang='lat'>503:</span> <span class='ocrx_word' id='word_1_55' title='bbox 765 1078 866 1152; x_wconf 83' lang='grc' dir='ltr'><strong><em>ξένων</em></strong></span> <span class='ocrx_word' id='word_1_56' title='bbox 892 1075 1079 1162; x_wconf 77' lang='grc' dir='ltr'><strong><em>παρόντωνι</em></strong></span> <span class='ocrx_word' id='word_1_57' title='bbox 1109 1070 1228 1139; x_wconf 82' lang='grc' dir='ltr'><strong><em>διὰτὸ</em></strong></span> <span class='ocrx_word' id='word_1_58' title='bbox 1254 1075 1290 1139; x_wconf 80' lang='grc' dir='ltr'><strong>ἕν</strong></span> <span class='ocrx_word' id='word_1_59' title='bbox 1310 1085 1378 1149; x_wconf 81' lang='grc' dir='ltr'><strong><em>τοῖς</em></strong></span> 
     </span>
    </p>
   </div>
   <div class='ocr_carea' id='block_1_3' title="bbox 239 1170 1575 1266">
    <p class='ocr_par' dir='ltr' id='par_1_3' title="bbox 239 1170 1575 1266">
     <span class='ocr_line' id='line_1_8' title="bbox 239 1170 1575 1266; baseline -0.001 -22"><span class='ocrx_word' id='word_1_60' title='bbox 239 1179 463 1262; x_wconf 73' lang='grc' dir='ltr'><strong><em>Βαβυλωνίοις</em></strong></span> <span class='ocrx_word' id='word_1_61' title='bbox 485 1179 620 1244; x_wconf 78' lang='grc' dir='ltr'><strong><em>πολλῶν</em></strong></span> <span class='ocrx_word' id='word_1_62' title='bbox 642 1180 818 1265; x_wconf 77' lang='grc' dir='ltr'><strong><em>παρόντων</em></strong></span> <span class='ocrx_word' id='word_1_63' title='bbox 839 1183 939 1256; x_wconf 83' lang='grc' dir='ltr'><strong><em>ξένων</em></strong></span> <span class='ocrx_word' id='word_1_64' title='bbox 961 1181 1119 1266; x_wconf 77' lang='grc' dir='ltr'><strong><em>εἰρηκέναι</em></strong></span> <span class='ocrx_word' id='word_1_65' title='bbox 1141 1180 1223 1242; x_wconf 85' lang='grc' dir='ltr'><strong><em>κατὰ</em></strong></span> <span class='ocrx_word' id='word_1_66' title='bbox 1245 1179 1379 1244; x_wconf 80' lang='grc' dir='ltr'><strong><em>πολλῶν</em></strong></span> <span class='ocrx_word' id='word_1_67' title='bbox 1492 1236 1495 1240; x_wconf 94' lang='grc'>.</span> <span class='ocrx_word' id='word_1_68' title='bbox 1570 1170 1575 1186; x_wconf 78' lang='grc'><strong>’</strong></span> 
     </span>
    </p>
   </div>
   <div class='ocr_carea' id='block_1_4' title="bbox 239 1281 1381 2407">
    <p class='ocr_par' dir='ltr' id='par_1_4' title="bbox 239 1281 1381 2407">
     <span class='ocr_line' id='line_1_9' title="bbox 239 1281 1377 1369; baseline -0.003 -22"><span class='ocrx_word' id='word_1_69' title='bbox 239 1284 296 1347; x_wconf 88' lang='grc' dir='ltr'><strong>τὸν</strong></span> <span class='ocrx_word' id='word_1_70' title='bbox 328 1281 565 1369; x_wconf 71' lang='grc' dir='ltr'><strong><em>Ἀριστοφάνην.</em></strong></span> <span class='ocrx_word' id='word_1_71' title='bbox 612 1281 664 1345; x_wconf 85' lang='grc' dir='ltr'><strong>διὸ</strong></span> <span class='ocrx_word' id='word_1_72' title='bbox 698 1282 751 1345; x_wconf 80' lang='grc' dir='ltr'><strong>καί</strong></span> <span class='ocrx_word' id='word_1_73' title='bbox 784 1282 994 1369; x_wconf 76' lang='grc' dir='ltr'><strong><em>κατηγορήθη</em></strong></span> <span class='ocrx_word' id='word_1_74' title='bbox 1027 1281 1095 1347; x_wconf 85' lang='grc' dir='ltr'><strong>ὑπὸ</strong></span> <span class='ocrx_word' id='word_1_75' title='bbox 1129 1287 1188 1352; x_wconf 82' lang='grc' dir='ltr'><strong>τοῦ</strong></span> <span class='ocrx_word' id='word_1_76' title='bbox 1221 1282 1377 1356; x_wconf 78' lang='grc' dir='ltr'><strong><em>Κλέωνος.</em></strong></span> 
     </span>
     <span class='ocr_line' id='line_1_10' title="bbox 240 1373 1379 1471; baseline -0.003 -18"><span class='ocrx_word' id='word_1_77' title='bbox 240 1389 331 1465; x_wconf 80' lang='lat' dir='ltr'><strong>Quae</strong></span> <span class='ocrx_word' id='word_1_78' title='bbox 360 1387 401 1453; x_wconf 91' lang='lat' dir='ltr'><strong>de</strong></span> <span class='ocrx_word' id='word_1_79' title='bbox 425 1373 552 1453; x_wconf 89' lang='lat' dir='ltr'><strong>Cleonis</strong></span> <span class='ocrx_word' id='word_1_80' title='bbox 578 1375 628 1451; x_wconf 85' lang='lat' dir='ltr'><strong>ira</strong></span> <span class='ocrx_word' id='word_1_81' title='bbox 655 1392 688 1452; x_wconf 89' lang='lat' dir='ltr'><strong>et</strong></span> <span class='ocrx_word' id='word_1_82' title='bbox 717 1386 758 1452; x_wconf 93' lang='lat' dir='ltr'><strong>de</strong></span> <span class='ocrx_word' id='word_1_83' title='bbox 782 1406 899 1452; x_wconf 80' lang='lat' dir='ltr'><strong>caussa</strong></span> <span class='ocrx_word' id='word_1_84' title='bbox 920 1388 1052 1471; x_wconf 84' lang='lat' dir='ltr'><strong>profert,</strong></span> <span class='ocrx_word' id='word_1_85' title='bbox 1081 1387 1217 1452; x_wconf 86' lang='lat' dir='ltr'><strong>fortasse</strong></span> <span class='ocrx_word' id='word_1_86' title='bbox 1240 1408 1282 1453; x_wconf 83' lang='lat' dir='ltr'><strong>ex</strong></span> <span class='ocrx_word' id='word_1_87' title='bbox 1303 1386 1379 1452; x_wconf 90' lang='lat' dir='ltr'><strong>solis</strong></span> 
     </span>
     <span class='ocr_line' id='line_1_11' title="bbox 240 1490 1379 1576; baseline -0.002 -18"><span class='ocrx_word' id='word_1_88' title='bbox 240 1490 493 1558; x_wconf 90' lang='lat' dir='ltr'><strong>Acharnensium</strong></span> <span class='ocrx_word' id='word_1_89' title='bbox 528 1490 673 1556; x_wconf 88' lang='lat' dir='ltr'><strong>versibus</strong></span> <span class='ocrx_word' id='word_1_90' title='bbox 701 1495 789 1556; x_wconf 89' lang='lat' dir='ltr'><strong>recte</strong></span> <span class='ocrx_word' id='word_1_91' title='bbox 818 1490 947 1574; x_wconf 89' lang='lat' dir='ltr'><strong>quidem</strong></span> <span class='ocrx_word' id='word_1_92' title='bbox 975 1497 1008 1557; x_wconf 92' lang='lat' dir='ltr'><strong>et</strong></span> <span class='ocrx_word' id='word_1_93' title='bbox 1038 1490 1212 1576; x_wconf 79' lang='lat' dir='ltr'>prudenter</span> <span class='ocrx_word' id='word_1_94' title='bbox 1241 1491 1379 1557; x_wconf 85' lang='lat' dir='ltr'><strong>collecta</strong></span> 
     </span>
     <span class='ocr_line' id='line_1_12' title="bbox 241 1582 1379 1681; baseline -0.005 -19"><span class='ocrx_word' id='word_1_95' title='bbox 241 1601 323 1680; x_wconf 91' lang='lat' dir='ltr'><strong>sunt,</strong></span> <span class='ocrx_word' id='word_1_96' title='bbox 347 1615 541 1677; x_wconf 86' lang='lat' dir='ltr'><strong>quamquam</strong></span> <span class='ocrx_word' id='word_1_97' title='bbox 562 1594 619 1660; x_wconf 90' lang='lat' dir='ltr'><strong>illa</strong></span> <span class='ocrx_word' id='word_1_98' title='bbox 641 1595 742 1660; x_wconf 85' lang='lat' dir='ltr'><strong>rerba</strong></span> <span class='ocrx_word' id='word_1_99' title='bbox 757 1582 782 1656; x_wconf 86' lang='grc' dir='ltr'><strong>Ιὁ</strong></span> <span class='ocrx_word' id='word_1_100' title='bbox 802 1594 913 1659; x_wconf 74' lang='grc' dir='ltr'><strong><em>Κλέων</em></strong></span> <span class='ocrx_word' id='word_1_101' title='bbox 934 1594 1105 1681; x_wconf 75' lang='grc' dir='ltr'><strong><em>ἐγράψατο</em></strong></span> <span class='ocrx_word' id='word_1_102' title='bbox 1129 1595 1229 1659; x_wconf 74' lang='grc' dir='ltr'><strong><em>αὐτὸν</em></strong></span> <span class='ocrx_word' id='word_1_103' title='bbox 1251 1594 1379 1669; x_wconf 77' lang='grc' dir='ltr'><strong><em>ἀδικίας</em></strong></span> 
     </span>
     <span class='ocr_line' id='line_1_13' title="bbox 239 1694 1380 1783; baseline -0.004 -19"><span class='ocrx_word' id='word_1_104' title='bbox 239 1703 284 1774; x_wconf 84' lang='grc' dir='ltr'><strong>είς</strong></span> <span class='ocrx_word' id='word_1_105' title='bbox 307 1699 383 1773; x_wconf 82' lang='grc' dir='ltr'><strong>τούς</strong></span> <span class='ocrx_word' id='word_1_106' title='bbox 406 1698 543 1772; x_wconf 85' lang='grc' dir='ltr'><strong><em>πολίτας</em></strong></span> <span class='ocrx_word' id='word_1_107' title='bbox 567 1694 608 1772; x_wconf 81' lang='grc' dir='ltr'><strong>ὡς</strong></span> <span class='ocrx_word' id='word_1_108' title='bbox 629 1700 674 1772; x_wconf 84' lang='grc' dir='ltr'><strong>είς</strong></span> <span class='ocrx_word' id='word_1_109' title='bbox 696 1700 788 1782; x_wconf 76' lang='grc' dir='ltr'><strong><em>ὕβριν</em></strong></span> <span class='ocrx_word' id='word_1_110' title='bbox 811 1701 869 1762; x_wconf 82' lang='grc' dir='ltr'><strong>τοῦ</strong></span> <span class='ocrx_word' id='word_1_111' title='bbox 886 1697 992 1782; x_wconf 81' lang='grc' dir='ltr'><strong><em>δήμου</em></strong></span> <span class='ocrx_word' id='word_1_112' title='bbox 1008 1699 1061 1761; x_wconf 85' lang='grc' dir='ltr'><strong>καὶ</strong></span> <span class='ocrx_word' id='word_1_113' title='bbox 1077 1701 1131 1783; x_wconf 78' lang='grc' dir='ltr'><strong>τῆς</strong></span> <span class='ocrx_word' id='word_1_114' title='bbox 1145 1697 1264 1783; x_wconf 69' lang='grc' dir='ltr'><strong><em>βουλῆς</em></strong></span> <span class='ocrx_word' id='word_1_115' title='bbox 1277 1701 1380 1773; x_wconf 77' lang='grc' dir='ltr'><strong><em>ταῦτα</em></strong></span> 
     </span>
     <span class='ocr_line' id='line_1_14' title="bbox 241 1801 1379 1888; baseline 0 -22"><span class='ocrx_word' id='word_1_116' title='bbox 241 1801 444 1888; x_wconf 84' lang='grc' dir='ltr'><strong><em>πεποιηκότα</em></strong></span> <span class='ocrx_word' id='word_1_117' title='bbox 467 1801 633 1868; x_wconf 88' lang='lat' dir='ltr'><strong>doctrinae</strong></span> <span class='ocrx_word' id='word_1_118' title='bbox 656 1801 799 1886; x_wconf 91' lang='lat' dir='ltr'><strong>speciem</strong></span> <span class='ocrx_word' id='word_1_119' title='bbox 821 1822 902 1885; x_wconf 90' lang='lat' dir='ltr'><strong>prae</strong></span> <span class='ocrx_word' id='word_1_120' title='bbox 924 1822 960 1867; x_wconf 89' lang='lat' dir='ltr'><strong>se</strong></span> <span class='ocrx_word' id='word_1_121' title='bbox 983 1803 1098 1867; x_wconf 90' lang='lat' dir='ltr'><strong>ferunt.</strong></span> <span class='ocrx_word' id='word_1_122' title='bbox 1129 1802 1197 1868; x_wconf 85' lang='lat' dir='ltr'><strong>Sed</strong></span> <span class='ocrx_word' id='word_1_123' title='bbox 1211 1807 1282 1867; x_wconf 90' lang='lat' dir='ltr'><strong>utut</strong></span> <span class='ocrx_word' id='word_1_124' title='bbox 1296 1801 1379 1867; x_wconf 91' lang='lat' dir='ltr'><strong>haee</strong></span> 
     </span>
     <span class='ocr_line' id='line_1_15' title="bbox 242 1905 1381 1991; baseline -0.002 -19"><span class='ocrx_word' id='word_1_125' title='bbox 242 1927 293 1972; x_wconf 90' lang='lat' dir='ltr'><strong>res</strong></span> <span class='ocrx_word' id='word_1_126' title='bbox 327 1927 361 1973; x_wconf 90' lang='lat' dir='ltr'><strong>se</strong></span> <span class='ocrx_word' id='word_1_127' title='bbox 396 1907 504 1991; x_wconf 87' lang='lat' dir='ltr'><strong>habet,</strong></span> <span class='ocrx_word' id='word_1_128' title='bbox 540 1905 627 1988; x_wconf 93' lang='lat' dir='ltr'><strong>quod</strong></span> <span class='ocrx_word' id='word_1_129' title='bbox 654 1905 904 1990; x_wconf 76' lang='lat' dir='ltr'>Aristophanem</span> <span class='ocrx_word' id='word_1_130' title='bbox 936 1926 1025 1972; x_wconf 92' lang='lat' dir='ltr'><strong>reum</strong></span> <span class='ocrx_word' id='word_1_131' title='bbox 1059 1905 1158 1971; x_wconf 88' lang='lat' dir='ltr'><strong>fuisse</strong></span> <span class='ocrx_word' id='word_1_132' title='bbox 1191 1905 1381 1971; x_wconf 72' lang='lat' dir='ltr'><strong>scholiastes</strong></span> 
     </span>
     <span class='ocr_line' id='line_1_16' title="bbox 240 2008 1380 2095; baseline -0.002 -19"><span class='ocrx_word' id='word_1_133' title='bbox 240 2010 349 2095; x_wconf 82' lang='lat' dir='ltr'><strong>tradit,</strong></span> <span class='ocrx_word' id='word_1_134' title='bbox 377 2009 475 2093; x_wconf 85' lang='lat' dir='ltr'><strong>fidem</strong></span> <span class='ocrx_word' id='word_1_135' title='bbox 502 2009 533 2075; x_wconf 93' lang='lat' dir='ltr'><strong>ei</strong></span> <span class='ocrx_word' id='word_1_136' title='bbox 559 2009 680 2076; x_wconf 89' lang='lat' dir='ltr'><strong>hahere</strong></span> <span class='ocrx_word' id='word_1_137' title='bbox 708 2030 772 2074; x_wconf 92' lang='lat' dir='ltr'><strong>non</strong></span> <span class='ocrx_word' id='word_1_138' title='bbox 793 2029 969 2094; x_wconf 88' lang='lat' dir='ltr'><strong>possumus.</strong></span> <span class='ocrx_word' id='word_1_139' title='bbox 1021 2012 1121 2076; x_wconf 89' lang='lat' dir='ltr'><strong>Immo</strong></span> <span class='ocrx_word' id='word_1_140' title='bbox 1145 2008 1285 2075; x_wconf 91' lang='lat' dir='ltr'><strong>dubitari</strong></span> <span class='ocrx_word' id='word_1_141' title='bbox 1308 2030 1380 2074; x_wconf 92' lang='lat' dir='ltr'><strong>meo</strong></span> 
     </span>
     <span class='ocr_line' id='line_1_17' title="bbox 240 2113 1381 2198; baseline -0.001 -19"><span class='ocrx_word' id='word_1_142' title='bbox 240 2113 359 2180; x_wconf 90' lang='lat' dir='ltr'><strong>iudicio</strong></span> <span class='ocrx_word' id='word_1_143' title='bbox 382 2113 502 2197; x_wconf 93' lang='lat' dir='ltr'><strong>nequit,</strong></span> <span class='ocrx_word' id='word_1_144' title='bbox 528 2113 603 2197; x_wconf 92' lang='lat' dir='ltr'><strong>quin</strong></span> <span class='ocrx_word' id='word_1_145' title='bbox 621 2113 823 2180; x_wconf 77' lang='lat' dir='ltr'><strong>Callistratus</strong></span> <span class='ocrx_word' id='word_1_146' title='bbox 845 2121 1017 2179; x_wconf 89' lang='lat' dir='ltr'><strong>aecusatus</strong></span> <span class='ocrx_word' id='word_1_147' title='bbox 1032 2114 1088 2197; x_wconf 73' lang='lat' dir='ltr'><strong>sit,</strong></span> <span class='ocrx_word' id='word_1_148' title='bbox 1111 2135 1187 2179; x_wconf 88' lang='lat' dir='ltr'><strong>nam</strong></span> <span class='ocrx_word' id='word_1_149' title='bbox 1201 2113 1284 2198; x_wconf 89' lang='lat' dir='ltr'><strong>huie,</strong></span> <span class='ocrx_word' id='word_1_150' title='bbox 1309 2134 1381 2179; x_wconf 92' lang='lat' dir='ltr'><strong>eum</strong></span> 
     </span>
     <span class='ocr_line' id='line_1_18' title="bbox 243 2216 1381 2302; baseline -0.002 -18"><span class='ocrx_word' id='word_1_151' title='bbox 243 2218 363 2284; x_wconf 90' lang='lat' dir='ltr'><strong>archon</strong></span> <span class='ocrx_word' id='word_1_152' title='bbox 401 2237 516 2282; x_wconf 90' lang='lat' dir='ltr'><strong>nomen</strong></span> <span class='ocrx_word' id='word_1_153' title='bbox 550 2217 619 2282; x_wconf 90' lang='lat' dir='ltr'><strong>eius</strong></span> <span class='ocrx_word' id='word_1_154' title='bbox 652 2217 685 2281; x_wconf 91' lang='lat' dir='ltr'><strong>in</strong></span> <span class='ocrx_word' id='word_1_155' title='bbox 719 2218 829 2283; x_wconf 89' lang='lat' dir='ltr'><strong>album</strong></span> <span class='ocrx_word' id='word_1_156' title='bbox 860 2224 1030 2302; x_wconf 88' lang='lat' dir='ltr'><strong>poetarum</strong></span> <span class='ocrx_word' id='word_1_157' title='bbox 1061 2217 1236 2301; x_wconf 78' lang='lat' dir='ltr'><strong>retulisset,</strong></span> <span class='ocrx_word' id='word_1_158' title='bbox 1275 2216 1381 2282; x_wconf 89' lang='lat' dir='ltr'><strong>omnia</strong></span> 
     </span>
     <span class='ocr_line' id='line_1_19' title="bbox 242 2320 1381 2407; baseline -0.003 -19"><span class='ocrx_word' id='word_1_159' title='bbox 242 2321 370 2407; x_wconf 88' lang='lat' dir='ltr'><strong>publice</strong></span> <span class='ocrx_word' id='word_1_160' title='bbox 399 2321 597 2406; x_wconf 90' lang='lat' dir='ltr'><strong>praestanda</strong></span> <span class='ocrx_word' id='word_1_161' title='bbox 625 2321 723 2387; x_wconf 89' lang='lat' dir='ltr'><strong>fuisse</strong></span> <span class='ocrx_word' id='word_1_162' title='bbox 752 2343 811 2407; x_wconf 91' lang='lat' dir='ltr'><strong>per</strong></span> <span class='ocrx_word' id='word_1_163' title='bbox 838 2343 873 2387; x_wconf 90' lang='lat' dir='ltr'><strong>se</strong></span> <span class='ocrx_word' id='word_1_164' title='bbox 903 2328 1004 2406; x_wconf 90' lang='lat' dir='ltr'><strong>patet,</strong></span> <span class='ocrx_word' id='word_1_165' title='bbox 1033 2342 1133 2405; x_wconf 91' lang='lat' dir='ltr'><strong>quare</strong></span> <span class='ocrx_word' id='word_1_166' title='bbox 1160 2342 1254 2387; x_wconf 91' lang='lat' dir='ltr'><strong>nemo</strong></span> <span class='ocrx_word' id='word_1_167' title='bbox 1276 2321 1309 2386; x_wconf 91' lang='lat' dir='ltr'><strong>in</strong></span> <span class='ocrx_word' id='word_1_168' title='bbox 1332 2320 1381 2386; x_wconf 93' lang='lat' dir='ltr'><strong>ius</strong></span> 
     </span>
    </p>
   </div>
   <div class='ocr_carea' id='block_1_5' title="bbox 107 2425 1580 2614">
    <p class='ocr_par' dir='ltr' id='par_1_5' title="bbox 107 2425 1580 2614">
     <span class='ocr_line' id='line_1_20' title="bbox 107 2425 1580 2532; baseline 0 -41"><span class='ocrx_word' id='word_1_169' title='bbox 107 2453 112 2465; x_wconf 92' lang='lat'><em>·</em></span> <span class='ocrx_word' id='word_1_170' title='bbox 241 2426 352 2492; x_wconf 88' lang='lat' dir='ltr'><strong>vocari</strong></span> <span class='ocrx_word' id='word_1_171' title='bbox 378 2425 482 2510; x_wconf 92' lang='lat' dir='ltr'><strong>potuit</strong></span> <span class='ocrx_word' id='word_1_172' title='bbox 509 2425 570 2490; x_wconf 89' lang='lat' dir='ltr'><strong>nisi</strong></span> <span class='ocrx_word' id='word_1_173' title='bbox 593 2425 805 2510; x_wconf 77' lang='lat' dir='ltr'><strong>Callistratus,</strong></span> <span class='ocrx_word' id='word_1_174' title='bbox 834 2425 953 2509; x_wconf 89' lang='lat' dir='ltr'><strong>quippe</strong></span> <span class='ocrx_word' id='word_1_175' title='bbox 982 2425 1036 2508; x_wconf 90' lang='lat' dir='ltr'><strong>qui</strong></span> <span class='ocrx_word' id='word_1_176' title='bbox 1059 2446 1150 2491; x_wconf 90' lang='lat' dir='ltr'><strong>suum</strong></span> <span class='ocrx_word' id='word_1_177' title='bbox 1171 2446 1287 2492; x_wconf 89' lang='lat' dir='ltr'><strong>nomen</strong></span> <span class='ocrx_word' id='word_1_178' title='bbox 1309 2447 1380 2511; x_wconf 93' lang='lat' dir='ltr'><strong>pro·</strong></span> <span class='ocrx_word' id='word_1_179' title='bbox 1578 2514 1580 2532; x_wconf 46' lang='grc' dir='ltr'>Ι</span> 
     </span>
     <span class='ocr_line' id='line_1_21' title="bbox 242 2525 1463 2614; baseline 0 -19"><span class='ocrx_word' id='word_1_180' title='bbox 242 2531 346 2598; x_wconf 89' lang='lat' dir='ltr'><strong>fessus</strong></span> <span class='ocrx_word' id='word_1_181' title='bbox 367 2530 497 2595; x_wconf 89' lang='lat' dir='ltr'><strong>chorum</strong></span> <span class='ocrx_word' id='word_1_182' title='bbox 512 2529 762 2614; x_wconf 86' lang='lat' dir='ltr'><strong>Babyloniorum</strong></span> <span class='ocrx_word' id='word_1_183' title='bbox 783 2529 985 2614; x_wconf 81' lang='lat' dir='ltr'><strong>poposcisset</strong></span> <span class='ocrx_word' id='word_1_184' title='bbox 1007 2536 1040 2596; x_wconf 91' lang='lat' dir='ltr'><strong>et</strong></span> <span class='ocrx_word' id='word_1_185' title='bbox 1054 2529 1267 2614; x_wconf 86' lang='lat' dir='ltr'><strong>impetrasset.</strong></span> <span class='ocrx_word' id='word_1_186' title='bbox 1298 2531 1382 2599; x_wconf 85' lang='lat' dir='ltr'><strong>Nam</strong></span> <span class='ocrx_word' id='word_1_187' title='bbox 1452 2525 1463 2543; x_wconf 83' lang='lat'><em>⁰</em></span> 
     </span>
    </p>
   </div>
   <div class='ocr_carea' id='block_1_6' title="bbox 235 2633 1385 4279">
    <p class='ocr_par' dir='ltr' id='par_1_6' title="bbox 235 2633 1385 4279">
     <span class='ocr_line' id='line_1_22' title="bbox 243 2633 1381 2719; baseline 0 -19"><span class='ocrx_word' id='word_1_188' title='bbox 243 2634 329 2718; x_wconf 93' lang='lat' dir='ltr'><strong>quod</strong></span> <span class='ocrx_word' id='word_1_189' title='bbox 340 2633 588 2718; x_wconf 85' lang='lat' dir='ltr'><strong>Aristophanem</strong></span> <span class='ocrx_word' id='word_1_190' title='bbox 602 2654 666 2699; x_wconf 90' lang='lat' dir='ltr'><strong>non</strong></span> <span class='ocrx_word' id='word_1_191' title='bbox 681 2654 849 2718; x_wconf 89' lang='lat' dir='ltr'><strong>passurum</strong></span> <span class='ocrx_word' id='word_1_192' title='bbox 864 2633 962 2699; x_wconf 90' lang='lat' dir='ltr'><strong>fuisse</strong></span> <span class='ocrx_word' id='word_1_193' title='bbox 978 2634 1088 2699; x_wconf 91' lang='lat' dir='ltr'><strong>dicunt</strong></span> <span class='ocrx_word' id='word_1_194' title='bbox 1102 2640 1233 2719; x_wconf 91' lang='lat' dir='ltr'><strong>poetam</strong></span> <span class='ocrx_word' id='word_1_195' title='bbox 1245 2635 1381 2700; x_wconf 89' lang='lat' dir='ltr'><strong>amioum</strong></span> 
     </span>
     <span class='ocr_line' id='line_1_23' title="bbox 243 2737 1380 2822; baseline -0.002 -18"><span class='ocrx_word' id='word_1_196' title='bbox 243 2741 283 2805; x_wconf 92' lang='lat' dir='ltr'><strong>oh</strong></span> <span class='ocrx_word' id='word_1_197' title='bbox 313 2737 513 2804; x_wconf 88' lang='lat' dir='ltr'><strong>comoediam</strong></span> <span class='ocrx_word' id='word_1_198' title='bbox 541 2759 561 2804; x_wconf 97' lang='lat' dir='ltr'><strong>a</strong></span> <span class='ocrx_word' id='word_1_199' title='bbox 592 2758 626 2802; x_wconf 90' lang='lat' dir='ltr'><strong>se</strong></span> <span class='ocrx_word' id='word_1_200' title='bbox 649 2737 803 2822; x_wconf 88' lang='lat' dir='ltr'><strong>scriptam</strong></span> <span class='ocrx_word' id='word_1_201' title='bbox 824 2738 858 2803; x_wconf 90' lang='lat' dir='ltr'><strong>in</strong></span> <span class='ocrx_word' id='word_1_202' title='bbox 880 2737 997 2822; x_wconf 91' lang='lat' dir='ltr'><strong>capitis</strong></span> <span class='ocrx_word' id='word_1_203' title='bbox 1019 2737 1195 2822; x_wconf 90' lang='lat' dir='ltr'><strong>periculum</strong></span> <span class='ocrx_word' id='word_1_204' title='bbox 1218 2738 1338 2804; x_wconf 89' lang='lat' dir='ltr'><strong>adduci</strong></span> <span class='ocrx_word' id='word_1_205' title='bbox 1348 2739 1380 2822; x_wconf 80' lang='lat'><strong>¹),</strong></span> 
     </span>
     <span class='ocr_line' id='line_1_24' title="bbox 242 2837 1382 2927; baseline 0.001 -21"><span class='ocrx_word' id='word_1_206' title='bbox 242 2842 326 2908; x_wconf 91' lang='lat' dir='ltr'><strong>haec</strong></span> <span class='ocrx_word' id='word_1_207' title='bbox 354 2861 470 2908; x_wconf 87' lang='lat' dir='ltr'><strong>caussa</strong></span> <span class='ocrx_word' id='word_1_208' title='bbox 498 2841 695 2906; x_wconf 88' lang='lat' dir='ltr'><strong>debilissima</strong></span> <span class='ocrx_word' id='word_1_209' title='bbox 723 2848 781 2926; x_wconf 88' lang='lat' dir='ltr'><strong>est,</strong></span> <span class='ocrx_word' id='word_1_210' title='bbox 812 2842 907 2927; x_wconf 91' lang='lat' dir='ltr'><strong>„quia</strong></span> <span class='ocrx_word' id='word_1_211' title='bbox 930 2841 1171 2926; x_wconf 88' lang='lat' dir='ltr'><strong>Aristophanes,</strong></span> <span class='ocrx_word' id='word_1_212' title='bbox 1200 2849 1235 2907; x_wconf 94' lang='lat' dir='ltr'><strong>ut</strong></span> <span class='ocrx_word' id='word_1_213' title='bbox 1261 2837 1382 2908; x_wconf 81' lang='lat' dir='ltr'><strong>Rankii</strong></span> 
     </span>
     <span class='ocr_line' id='line_1_25' title="bbox 243 2945 1381 3030; baseline 0 -18"><span class='ocrx_word' id='word_1_214' title='bbox 243 2945 351 3012; x_wconf 86' lang='lat' dir='ltr'><strong>verbis</strong></span> <span class='ocrx_word' id='word_1_215' title='bbox 384 2951 471 3029; x_wconf 92' lang='lat' dir='ltr'><strong>utar,</strong></span> <span class='ocrx_word' id='word_1_216' title='bbox 510 2964 582 3010; x_wconf 91' lang='lat' dir='ltr'><strong>eum</strong></span> <span class='ocrx_word' id='word_1_217' title='bbox 621 2945 751 3010; x_wconf 86' lang='lat' dir='ltr'><strong>chorum</strong></span> <span class='ocrx_word' id='word_1_218' title='bbox 790 2966 854 3011; x_wconf 94' lang='lat' dir='ltr'><strong>non</strong></span> <span class='ocrx_word' id='word_1_219' title='bbox 886 2946 1068 3030; x_wconf 87' lang='lat' dir='ltr'><strong>petivisset,</strong></span> <span class='ocrx_word' id='word_1_220' title='bbox 1105 2947 1226 3011; x_wconf 92' lang='lat' dir='ltr'><strong>nullum</strong></span> <span class='ocrx_word' id='word_1_221' title='bbox 1262 2947 1381 3012; x_wconf 89' lang='lat' dir='ltr'><strong>crimen</strong></span> 
     </span>
     <span class='ocr_line' id='line_1_26' title="bbox 244 3049 1382 3134; baseline -0.001 -17"><span class='ocrx_word' id='word_1_222' title='bbox 244 3049 477 3133; x_wconf 82' lang='lat' dir='ltr'><strong>ccmnriserat“,</strong></span> <span class='ocrx_word' id='word_1_223' title='bbox 500 3049 695 3134; x_wconf 75' lang='lat' dir='ltr'><strong>Callistrato,</strong></span> <span class='ocrx_word' id='word_1_224' title='bbox 720 3070 792 3114; x_wconf 89' lang='lat' dir='ltr'><strong>oum</strong></span> <span class='ocrx_word' id='word_1_225' title='bbox 814 3050 958 3116; x_wconf 84' lang='lat' dir='ltr'><strong>fabulam</strong></span> <span class='ocrx_word' id='word_1_226' title='bbox 975 3050 1009 3114; x_wconf 90' lang='lat' dir='ltr'><strong>in</strong></span> <span class='ocrx_word' id='word_1_227' title='bbox 1023 3071 1177 3116; x_wconf 89' lang='lat' dir='ltr'><strong>scaenam</strong></span> <span class='ocrx_word' id='word_1_228' title='bbox 1191 3050 1382 3134; x_wconf 85' lang='lat' dir='ltr'><strong>induxisset,</strong></span> 
     </span>
     <span class='ocr_line' id='line_1_27' title="bbox 245 3152 1382 3237; baseline -0.001 -16"><span class='ocrx_word' id='word_1_229' title='bbox 245 3154 351 3221; x_wconf 91' lang='lat' dir='ltr'><strong>omnia</strong></span> <span class='ocrx_word' id='word_1_230' title='bbox 374 3152 519 3237; x_wconf 86' lang='lat' dir='ltr'><strong>pericula</strong></span> <span class='ocrx_word' id='word_1_231' title='bbox 542 3153 709 3219; x_wconf 85' lang='lat' dir='ltr'><strong>subeunda</strong></span> <span class='ocrx_word' id='word_1_232' title='bbox 732 3159 833 3220; x_wconf 91' lang='lat' dir='ltr'><strong>erant.</strong></span> <span class='ocrx_word' id='word_1_233' title='bbox 876 3155 982 3236; x_wconf 88' lang='lat' dir='ltr'><strong>Atque</strong></span> <span class='ocrx_word' id='word_1_234' title='bbox 1005 3155 1088 3220; x_wconf 89' lang='lat' dir='ltr'><strong>bene</strong></span> <span class='ocrx_word' id='word_1_235' title='bbox 1110 3155 1303 3220; x_wconf 88' lang='lat' dir='ltr'><strong>Petersenus</strong></span> <span class='ocrx_word' id='word_1_236' title='bbox 1325 3157 1345 3220; x_wconf 88' lang='lat' dir='ltr'><strong>l.</strong></span> <span class='ocrx_word' id='word_1_237' title='bbox 1361 3155 1382 3220; x_wconf 90' lang='lat' dir='ltr'><strong>l.</strong></span> 
     </span>
     <span class='ocr_line' id='line_1_28' title="bbox 243 3257 1383 3344; baseline -0.003 -19"><span class='ocrx_word' id='word_1_238' title='bbox 243 3281 320 3344; x_wconf 84' lang='lat' dir='ltr'><strong>pag.</strong></span> <span class='ocrx_word' id='word_1_239' title='bbox 345 3260 423 3324; x_wconf 80' lang='lat'>655:</span> <span class='ocrx_word' id='word_1_240' title='bbox 472 3257 590 3343; x_wconf 89' lang='lat' dir='ltr'><strong>,Hatte</strong></span> <span class='ocrx_word' id='word_1_241' title='bbox 617 3257 833 3342; x_wconf 90' lang='lat' dir='ltr'><strong>Kallistratos,</strong></span> <span class='ocrx_word' id='word_1_242' title='bbox 867 3257 979 3342; x_wconf 93' lang='lat' dir='ltr'><strong>inquit,</strong></span> <span class='ocrx_word' id='word_1_243' title='bbox 1015 3258 1067 3323; x_wconf 92' lang='lat' dir='ltr'><strong>die</strong></span> <span class='ocrx_word' id='word_1_244' title='bbox 1096 3257 1297 3341; x_wconf 81' lang='lat' dir='ltr'><strong>Aufflthrung</strong></span> <span class='ocrx_word' id='word_1_245' title='bbox 1326 3258 1383 3325; x_wconf 91' lang='lat' dir='ltr'><strong>der</strong></span> 
     </span>
     <span class='ocr_line' id='line_1_29' title="bbox 243 3353 1383 3448; baseline -0.001 -19"><span class='ocrx_word' id='word_1_246' title='bbox 243 3361 441 3448; x_wconf 89' lang='lat' dir='ltr'><strong>Babylonier</strong></span> <span class='ocrx_word' id='word_1_247' title='bbox 463 3353 699 3446; x_wconf 84' lang='lat' dir='ltr'><strong>llbernommen,</strong></span> <span class='ocrx_word' id='word_1_248' title='bbox 723 3362 788 3427; x_wconf 89' lang='lat' dir='ltr'><strong>und</strong></span> <span class='ocrx_word' id='word_1_249' title='bbox 812 3384 847 3429; x_wconf 92' lang='lat' dir='ltr'><strong>er</strong></span> <span class='ocrx_word' id='word_1_250' title='bbox 868 3369 987 3428; x_wconf 88' lang='lat' dir='ltr'><strong>musste</strong></span> <span class='ocrx_word' id='word_1_251' title='bbox 1006 3362 1045 3446; x_wconf 90' lang='lat' dir='ltr'><strong>ja</strong></span> <span class='ocrx_word' id='word_1_252' title='bbox 1069 3362 1132 3428; x_wconf 91' lang='lat' dir='ltr'><strong>den</strong></span> <span class='ocrx_word' id='word_1_253' title='bbox 1146 3362 1253 3428; x_wconf 90' lang='lat' dir='ltr'><strong>Kleon</strong></span> <span class='ocrx_word' id='word_1_254' title='bbox 1274 3383 1310 3428; x_wconf 92' lang='lat' dir='ltr'><strong>so</strong></span> <span class='ocrx_word' id='word_1_255' title='bbox 1326 3369 1383 3446; x_wconf 83' lang='lat' dir='ltr'><strong>gut</strong></span> 
     </span>
     <span class='ocr_line' id='line_1_30' title="bbox 244 3466 1383 3551; baseline 0 -19"><span class='ocrx_word' id='word_1_256' title='bbox 244 3467 307 3533; x_wconf 82' lang='lat' dir='ltr'><strong>wie</strong></span> <span class='ocrx_word' id='word_1_257' title='bbox 331 3466 390 3532; x_wconf 85' lang='lat' dir='ltr'><strong>das</strong></span> <span class='ocrx_word' id='word_1_258' title='bbox 406 3466 508 3532; x_wconf 80' lang='lat' dir='ltr'><strong>steen</strong></span> <span class='ocrx_word' id='word_1_259' title='bbox 530 3467 645 3532; x_wconf 87' lang='lat' dir='ltr'><strong>vorher</strong></span> <span class='ocrx_word' id='word_1_260' title='bbox 667 3467 805 3551; x_wconf 89' lang='lat' dir='ltr'><strong>kennen,</strong></span> <span class='ocrx_word' id='word_1_261' title='bbox 829 3487 864 3531; x_wconf 90' lang='lat' dir='ltr'><strong>so</strong></span> <span class='ocrx_word' id='word_1_262' title='bbox 886 3466 928 3531; x_wconf 90' lang='lat' dir='ltr'><strong>ist</strong></span> <span class='ocrx_word' id='word_1_263' title='bbox 951 3487 986 3532; x_wconf 91' lang='lat' dir='ltr'><strong>es</strong></span> <span class='ocrx_word' id='word_1_264' title='bbox 1008 3487 1092 3549; x_wconf 83' lang='lat' dir='ltr'><strong>gana</strong></span> <span class='ocrx_word' id='word_1_265' title='bbox 1114 3466 1283 3551; x_wconf 80' lang='lat' dir='ltr'><strong>natflrlich,</strong></span> <span class='ocrx_word' id='word_1_266' title='bbox 1307 3467 1383 3533; x_wconf 91' lang='lat' dir='ltr'><strong>dass</strong></span> 
     </span>
     <span class='ocr_line' id='line_1_31' title="bbox 246 3568 1383 3653; baseline -0.001 -16"><span class='ocrx_word' id='word_1_267' title='bbox 246 3593 281 3638; x_wconf 92' lang='lat' dir='ltr'><strong>er</strong></span> <span class='ocrx_word' id='word_1_268' title='bbox 308 3570 391 3636; x_wconf 87' lang='lat' dir='ltr'><strong>auch</strong></span> <span class='ocrx_word' id='word_1_269' title='bbox 419 3568 471 3634; x_wconf 88' lang='lat' dir='ltr'><strong>die</strong></span> <span class='ocrx_word' id='word_1_270' title='bbox 493 3570 644 3653; x_wconf 85' lang='lat' dir='ltr'><strong>Anklage</strong></span> <span class='ocrx_word' id='word_1_271' title='bbox 673 3571 819 3636; x_wconf 89' lang='lat' dir='ltr'><strong>aushielt.</strong></span> <span class='ocrx_word' id='word_1_272' title='bbox 865 3572 907 3637; x_wconf 88' lang='lat' dir='ltr'><strong>Ja</strong></span> <span class='ocrx_word' id='word_1_273' title='bbox 934 3572 1034 3638; x_wconf 89' lang='lat' dir='ltr'><strong>selbst</strong></span> <span class='ocrx_word' id='word_1_274' title='bbox 1055 3591 1151 3637; x_wconf 86' lang='lat' dir='ltr'><strong>wenn</strong></span> <span class='ocrx_word' id='word_1_275' title='bbox 1172 3570 1241 3636; x_wconf 88' lang='lat' dir='ltr'><strong>sich</strong></span> <span class='ocrx_word' id='word_1_276' title='bbox 1263 3570 1383 3636; x_wconf 91' lang='lat' dir='ltr'><strong>Aristo-</strong></span> 
     </span>
     <span class='ocr_line' id='line_1_32' title="bbox 245 3673 1384 3761; baseline -0.003 -20"><span class='ocrx_word' id='word_1_277' title='bbox 245 3676 370 3761; x_wconf 92' lang='lat' dir='ltr'><strong>phanes</strong></span> <span class='ocrx_word' id='word_1_278' title='bbox 397 3678 540 3756; x_wconf 86' lang='lat' dir='ltr'><strong>genannt</strong></span> <span class='ocrx_word' id='word_1_279' title='bbox 567 3673 668 3758; x_wconf 77' lang='lat' dir='ltr'><strong>hatte,</strong></span> <span class='ocrx_word' id='word_1_280' title='bbox 696 3685 783 3740; x_wconf 81' lang='lat' dir='ltr'><strong>ware</strong></span> <span class='ocrx_word' id='word_1_281' title='bbox 814 3675 897 3740; x_wconf 89' lang='lat' dir='ltr'><strong>doch</strong></span> <span class='ocrx_word' id='word_1_282' title='bbox 919 3675 1126 3742; x_wconf 87' lang='lat' dir='ltr'><strong>Kallistratos</strong></span> <span class='ocrx_word' id='word_1_283' title='bbox 1147 3675 1206 3740; x_wconf 90' lang='lat' dir='ltr'><strong>der</strong></span> <span class='ocrx_word' id='word_1_284' title='bbox 1227 3673 1384 3740; x_wconf 90' lang='lat' dir='ltr'><strong>reehtlich</strong></span> 
     </span>
     <span class='ocr_line' id='line_1_33' title="bbox 245 3778 1383 3862; baseline -0.002 -16"><span class='ocrx_word' id='word_1_285' title='bbox 245 3800 285 3846; x_wconf 86' lang='lat' dir='ltr'><strong>zu</strong></span> <span class='ocrx_word' id='word_1_286' title='bbox 307 3778 517 3862; x_wconf 84' lang='lat' dir='ltr'><strong>Belangende</strong></span> <span class='ocrx_word' id='word_1_287' title='bbox 541 3799 706 3861; x_wconf 86' lang='lat' dir='ltr'><strong>gewesen:</strong></span> <span class='ocrx_word' id='word_1_288' title='bbox 732 3780 816 3846; x_wconf 89' lang='lat' dir='ltr'><strong>denn</strong></span> <span class='ocrx_word' id='word_1_289' title='bbox 833 3780 892 3845; x_wconf 88' lang='lat' dir='ltr'><strong>das</strong></span> <span class='ocrx_word' id='word_1_290' title='bbox 907 3781 1010 3846; x_wconf 82' lang='lat' dir='ltr'><strong>Sthck</strong></span> <span class='ocrx_word' id='word_1_291' title='bbox 1025 3800 1064 3846; x_wconf 87' lang='lat' dir='ltr'><strong>nu</strong></span> <span class='ocrx_word' id='word_1_292' title='bbox 1078 3779 1248 3846; x_wconf 87' lang='lat' dir='ltr'><strong>schreiben</strong></span> <span class='ocrx_word' id='word_1_293' title='bbox 1263 3779 1383 3844; x_wconf 89' lang='lat' dir='ltr'><strong>konnte</strong></span> 
     </span>
     <span class='ocr_line' id='line_1_34' title="bbox 245 3882 1384 3968; baseline -0.002 -19"><span class='ocrx_word' id='word_1_294' title='bbox 245 3883 451 3951; x_wconf 90' lang='lat' dir='ltr'><strong>niemaudcm</strong></span> <span class='ocrx_word' id='word_1_295' title='bbox 477 3882 637 3949; x_wconf 85' lang='lat' dir='ltr'><strong>verwehrt</strong></span> <span class='ocrx_word' id='word_1_296' title='bbox 665 3883 805 3968; x_wconf 86' lang='lat' dir='ltr'><strong>werden,</strong></span> <span class='ocrx_word' id='word_1_297' title='bbox 835 3884 915 3949; x_wconf 90' lang='lat' dir='ltr'><strong>aber</strong></span> <span class='ocrx_word' id='word_1_298' title='bbox 942 3884 1017 3950; x_wconf 86' lang='lat' dir='ltr'><strong>dass</strong></span> <span class='ocrx_word' id='word_1_299' title='bbox 1045 3904 1080 3950; x_wconf 91' lang='lat' dir='ltr'><strong>es</strong></span> <span class='ocrx_word' id='word_1_300' title='bbox 1103 3905 1145 3949; x_wconf 89' lang='lat' dir='ltr'><strong>an</strong></span> <span class='ocrx_word' id='word_1_301' title='bbox 1168 3883 1231 3964; x_wconf 90' lang='lat' dir='ltr'><strong>den</strong></span> <span class='ocrx_word' id='word_1_302' title='bbox 1253 3883 1384 3965; x_wconf 83' lang='lat' dir='ltr'><strong>grossen</strong></span> 
     </span>
     <span class='ocr_line' id='line_1_35' title="bbox 246 3985 1385 4072; baseline 0 -20"><span class='ocrx_word' id='word_1_303' title='bbox 246 3987 424 4072; x_wconf 90' lang='lat' dir='ltr'><strong>Dionysicn</strong></span> <span class='ocrx_word' id='word_1_304' title='bbox 440 3985 627 4069; x_wconf 83' lang='lat' dir='ltr'><strong>ausgeftthrt</strong></span> <span class='ocrx_word' id='word_1_305' title='bbox 642 4007 720 4070; x_wconf 87' lang='lat' dir='ltr'><strong>war,</strong></span> <span class='ocrx_word' id='word_1_306' title='bbox 738 3986 797 4053; x_wconf 91' lang='lat' dir='ltr'><strong>das</strong></span> <span class='ocrx_word' id='word_1_307' title='bbox 812 4008 880 4053; x_wconf 87' lang='lat' dir='ltr'><strong>war</strong></span> <span class='ocrx_word' id='word_1_308' title='bbox 895 3987 953 4052; x_wconf 90' lang='lat' dir='ltr'><strong>der</strong></span> <span class='ocrx_word' id='word_1_309' title='bbox 964 3986 1207 4069; x_wconf 78' lang='lat' dir='ltr'><strong>Klagegrund.“</strong></span> <span class='ocrx_word' id='word_1_310' title='bbox 1238 3986 1385 4052; x_wconf 90' lang='lat' dir='ltr'><strong>Dederat</strong></span> 
     </span>
     <span class='ocr_line' id='line_1_36' title="bbox 248 4089 1384 4175; baseline -0.001 -18"><span class='ocrx_word' id='word_1_311' title='bbox 248 4097 357 4157; x_wconf 89' lang='lat' dir='ltr'><strong>autem</strong></span> <span class='ocrx_word' id='word_1_312' title='bbox 373 4090 585 4156; x_wconf 87' lang='lat' dir='ltr'><strong>Callistratus.</strong></span> <span class='ocrx_word' id='word_1_313' title='bbox 614 4091 729 4173; x_wconf 89' lang='lat' dir='ltr'><strong>Itaque</strong></span> <span class='ocrx_word' id='word_1_314' title='bbox 745 4089 986 4175; x_wconf 89' lang='lat' dir='ltr'><strong>Aristophanes,</strong></span> <span class='ocrx_word' id='word_1_315' title='bbox 1003 4089 1129 4155; x_wconf 82' lang='lat' dir='ltr'><strong>etiamsi</strong></span> <span class='ocrx_word' id='word_1_316' title='bbox 1144 4089 1248 4156; x_wconf 88' lang='lat' dir='ltr'><strong>amico</strong></span> <span class='ocrx_word' id='word_1_317' title='bbox 1264 4090 1384 4156; x_wconf 85' lang='lat' dir='ltr'><strong>auxilio</strong></span> 
     </span>
     <span class='ocr_line' id='line_1_37' title="bbox 235 4193 1385 4279; baseline 0 -19"><span class='ocrx_word' id='word_1_318' title='bbox 235 4195 359 4261; x_wconf 87' lang='lat' dir='ltr'><strong>&#39;venire</strong></span> <span class='ocrx_word' id='word_1_319' title='bbox 387 4194 549 4278; x_wconf 89' lang='lat' dir='ltr'><strong>voluisset,</strong></span> <span class='ocrx_word' id='word_1_320' title='bbox 578 4215 619 4261; x_wconf 92' lang='lat' dir='ltr'><strong>ne</strong></span> <span class='ocrx_word' id='word_1_321' title='bbox 647 4194 804 4279; x_wconf 89' lang='lat' dir='ltr'><strong>potuisset</strong></span> <span class='ocrx_word' id='word_1_322' title='bbox 832 4194 970 4278; x_wconf 92' lang='lat' dir='ltr'><strong>quidem,</strong></span> <span class='ocrx_word' id='word_1_323' title='bbox 999 4193 1169 4279; x_wconf 89' lang='lat' dir='ltr'><strong>cumipse</strong></span> <span class='ocrx_word' id='word_1_324' title='bbox 1198 4194 1385 4261; x_wconf 85' lang='lat' dir='ltr'><strong>contraius</strong></span> 
     </span>
    </p>
   </div>
   <div class='ocr_carea' id='block_1_7' title="bbox 249 4417 1385 4578">
    <p class='ocr_par' dir='ltr' id='par_1_7' title="bbox 249 4417 1385 4578">
     <span class='ocr_line' id='line_1_38' title="bbox 322 4417 1385 4490; baseline 0.003 -19"><span class='ocrx_word' id='word_1_325' title='bbox 322 4420 340 4485; x_wconf 92' lang='lat'><strong>¹)</strong></span> <span class='ocrx_word' id='word_1_326' title='bbox 359 4418 464 4488; x_wconf 86' lang='lat' dir='ltr'><strong>Bergk.</strong></span> <span class='ocrx_word' id='word_1_327' title='bbox 489 4435 535 4488; x_wconf 85' lang='lat' dir='ltr'><strong>ap.</strong></span> <span class='ocrx_word' id='word_1_328' title='bbox 554 4419 639 4474; x_wconf 82' lang='lat' dir='ltr'><strong>Metn.</strong></span> <span class='ocrx_word' id='word_1_329' title='bbox 658 4419 693 4473; x_wconf 87' lang='lat' dir='ltr'><strong>fr.</strong></span> <span class='ocrx_word' id='word_1_330' title='bbox 711 4419 749 4473; x_wconf 90' lang='lat' dir='ltr'><strong>II.</strong></span> <span class='ocrx_word' id='word_1_331' title='bbox 767 4438 796 4489; x_wconf 93' lang='lat' dir='ltr'><strong>p.</strong></span> <span class='ocrx_word' id='word_1_332' title='bbox 815 4419 874 4475; x_wconf 75' lang='lat'>932.</span> <span class='ocrx_word' id='word_1_333' title='bbox 909 4418 945 4473; x_wconf 89' lang='lat' dir='ltr'><strong>A.</strong></span> <span class='ocrx_word' id='word_1_334' title='bbox 963 4418 1075 4475; x_wconf 83' lang='lat' dir='ltr'><strong>Mtiller.</strong></span> <span class='ocrx_word' id='word_1_335' title='bbox 1100 4435 1128 4490; x_wconf 89' lang='lat' dir='ltr'><strong>p.</strong></span> <span class='ocrx_word' id='word_1_336' title='bbox 1140 4417 1223 4472; x_wconf 90' lang='lat' dir='ltr'><strong>XIII.</strong></span> <span class='ocrx_word' id='word_1_337' title='bbox 1260 4418 1305 4474; x_wconf 90' lang='lat' dir='ltr'><strong>W.</strong></span> <span class='ocrx_word' id='word_1_338' title='bbox 1318 4419 1385 4474; x_wconf 73' lang='lat' dir='ltr'><strong>ais</strong></span> 
     </span>
     <span class='ocr_line' id='line_1_39' title="bbox 249 4505 1308 4578; baseline -0.002 -17"><span class='ocrx_word' id='word_1_339' title='bbox 249 4505 334 4561; x_wconf 85' lang='lat' dir='ltr'><strong>beck.</strong></span> <span class='ocrx_word' id='word_1_340' title='bbox 357 4523 386 4578; x_wconf 87' lang='lat' dir='ltr'><strong>p.</strong></span> <span class='ocrx_word' id='word_1_341' title='bbox 404 4505 464 4560; x_wconf 78' lang='lat' dir='ltr'><strong>alr.</strong></span> <span class='ocrx_word' id='word_1_342' title='bbox 1305 4539 1308 4544; x_wconf 96' lang='lat'>-</span> 
     </span>
    </p>
   </div>
   <div class='ocr_carea' id='block_1_8' title="bbox 0 0 1600 4992">
    <p class='ocr_par' dir='ltr' id='par_1_8' title="bbox 0 0 1600 4992">
     <span class='ocr_line' id='line_1_40' title="bbox 0 0 1600 4992; baseline 0 0"><span class='ocrx_word' id='word_1_343' title='bbox 0 0 1600 4992; x_wconf 95' lang='lat' dir='ltr'><strong> </strong></span> 
     </span>
    </p>
   </div>
  </div>
 </body>
</html>
