3167 4992
698 305 909 390 ..58-

237 499 390 600 parabasi
420 516 461 582 de
491 535 526 580 se
556 514 625 599 ipse
660 513 878 600 coryphaeum
905 514 1018 580 feeerit
1050 521 1148 599 poeta
1176 516 1368 598 loquentem.

236 621 350 704 Neque
371 640 435 685 non
457 618 491 684 hi
512 637 623 684 versus
646 618 749 703 ipsum
770 618 915 684 indicant
937 623 1077 704 poetam,
1101 620 1164 685 765
1186 638 1272 702 sqq.:

442 721 529 807 πρὸς
550 724 653 784 ταῦτα
675 721 777 808 χρεών
797 723 881 785 εἶναι
902 722 971 803 μετ’
993 721 1074 805 ἐμοῦ
1095 777 1101 786 .

442 825 495 888 καὶ
518 825 595 900 τούς
616 823 740 911 ἄνδρας
761 816 914 899 καὶτοὺς
937 824 1080 900 παῖδας·

443 930 496 992 καὶ
519 938 586 1004 τοϊς
608 928 803 1016 φαλακροῖσι
826 933 1052 1016 παραινοῦμυν

444 1033 684 1111 ξυσπουδάζειν
706 1035 780 1121 περὶ
803 1039 858 1120 τῆς
881 1039 979 1119 νίκης.

412 1211 418 1222 ,
444 1144 511 1214 πᾶς
533 1137 594 1225 γάρ
616 1161 663 1214 τις
684 1137 749 1224 ἐρεῖ
767 1141 919 1212 νικῶντος
940 1138 1021 1222 ἐμοῦ

443 1243 525 1306 κάπὶ
546 1242 687 1329 τραπέζῃ
710 1243 762 1304 καί
785 1246 998 1325 ξυμποσίοις·

445 1350 521 1431 φέρε
543 1350 587 1432 τῷ
609 1345 777 1432 φαλακρῷ,
802 1345 860 1421 δὸς
881 1351 926 1431 τῷ
948 1346 1104 1431 φαλακρῷ

444 1453 509 1513 τῷν
530 1448 728 1533 τρωγαλίων,
754 1449 808 1512 καὶ
830 1450 873 1535 μὴ
896 1450 1027 1535 ἀφαίρει

444 1552 673 1631 γενναιοτάτου
696 1557 761 1616 τῷν
783 1556 929 1638 ποιητῶν

443 1656 568 1742 υἷνδρδς
590 1656 626 1720 τδ
648 1659 844 1739 μέτωπον
824 1679 964 1738 ιχοντος.

238 1760 321 1825 Nam
352 1761 462 1826 calvus
484 1760 574 1825 videt
561 1766 611 1826 tur
634 1761 720 1826 Arist
707 1761 866 1846 tophanea
888 1760 1010 1826 vocitat
1011 1780 1048 1825 us
1071 1780 1142 1855 esse
1164 1759 1206 1824 ab
1230 1759 1373 1825 aemulis.

238 1860 370 1946 Eupolis
404 1863 532 1956 quidem
562 1863 624 1929 hoe
652 1871 775 1948 eprtt
696 1864 796 1930 'ttheo
826 1886 899 1930 eum
927 1864 1061 1948 ornavit,
1097 1852 1168 1929 oum
1197 1862 1349 1929 dioeret
1340 1884 1373 1926 rn

239 1965 353 2050 Baptis
376 1967 493 2049 (Kook.
517 1967 555 2032 fr.
581 1969 649 2048 78):

652 2072 819 2146 κάκείνους
840 2071 916 2145 τούς
938 2071 1073 2145 Ἱππέας

362 2175 559 2258 ξυνεποίησα
581 2179 625 2261 τῷ
648 2175 804 2262 φαλακρῷ
827 2185 950 2261 προῖκα
972 2174 1032 2257 (sie
1055 2174 1243 2257 Kirehhoff.²
1271 2173 1375 2258 τούτῳ

834 2280 1021 2359 Hermann.)
1044 2276 1290 2363 κάδωρησάμην.

241 2378 347 2461 Atque
385 2367 495 2447 nes'oio
533 2404 575 2447 an
608 2383 841 2468 Aristophanes
874 2382 1102 2465 intelligendus
1135 2381 1176 2446 ait
1208 2381 1241 2446 in
1274 2381 1376 2446 altero

241 2503 367 2565 quoque
390 2484 571 2567 fragmento
594 2486 783 2570 Eupolideo‚
809 2485 895 2568 quod
918 2485 1112 2568 exscriptum
1135 2490 1183 2549 eet
1206 2503 1247 2548 ex
1268 2482 1376 2549 Aurea

241 2585 368 2670 Aetate,
393 2589 509 2670 (Kook.
534 2589 571 2653 fr.
588 2591 678 2670 tuh:

364 2689 546 2766 δωδέκατος
569 2692 587 2756 6
609 2693 744 2777 τυφλός,
768 2696 874 2778 τρίτος
897 2693 914 2756 ὁ
937 2693 994 2778 τὴν
1015 2691 1114 2777 κάλην
1136 2694 1230 2773 ἔχων,

365 2792 382 2856 6
405 2801 592 2877 στιγματίας
615 2797 765 2882 τέταρτός
787 2796 873 2859 ἐστιν
894 2795 949 2859 ἐπὶ
974 2796 1065 2871 δέκα,

367 2901 514 2980 πέμπτος
538 2899 569 2963 δ’
592 2900 610 2965 6
633 2901 769 2987 πυρρός,
799 2905 887 2975 ἕκτος
910 2899 928 2963 6
951 2900 1216 2986 διεστραμμένος·

364 3002 475 3082 χοῦτοι
497 3008 556 3086 μέν
577 3005 637 3068 είσ’
658 3003 815 3068 ἑκκαίδεκ’
837 3006 879 3079 είς
900 3005 1149 3090 Ἀρχέστρατον·

307 3105 382 3170 5.’
366 3128 396 3179 ες
418 3107 478 3171 τδν
501 3106 536 3170 δὲ
559 3108 728 3194 φαλακρὸν
749 3106 967 3170 ἑπτακαίδεκ.
990 3113 1030 3169 Β.
1054 3109 1122 3188 ἴσχε
1146 3104 1196 3190 δή.

367 3214 410 3271 A.
436 3209 594 3289 ὄγδοος“
578 3234 596 3273 ο
619 3211 655 3274 τδ
679 3211 891 3297 τριβώνιον
873 3234 964 3292 εχων.

242 3311 326 3377 Nam
344 3330 547 3400 quamquam
569 3314 727 3380 Koekius:
763 3334 915 3399 „quorum
941 3312 1111 3410 homiuum,
1139 3311 1251 3395 inquit,
1279 3309 1379 3376 index

244 3415 477 3498 proponatur
468 3436 667 3500 rgnoramus3
703 3416 743 3482 de
772 3416 902 3481 oomieie
931 3415 1035 3500 poetis
1057 3422 1144 3480 eerte
1166 3435 1230 3479 uon
1253 3413 1379 3478 videtur

245 3517 452 3599 cogitandum
475 3520 618 3602 esse“,t
606 3525 714 3585 tamen
737 3520 848 3585 dubito
871 3541 914 3584 an
936 3518 1068 3603 Eupolis
1090 3518 1152 3583 hoo
1174 3519 1245 3583 loeo
1267 3523 1378 3601 poeta·

244 3641 313 3686 rum
336 3620 536 3704 comicorum,
560 3622 614 3704 qui
637 3622 754 3688 illam‘
758 3643 890 3687 auream
912 3627 988 3686 aeta
989 3621 1064 3687 tem’
1088 3626 1246 3703 omanem,
1269 3639 1378 3685 reeen-

141 3769 144 3776 ·
219 3742 314 3804 ¹sum
336 3723 439 3806 egerit
461 3723 558 3807 idque
581 3725 627 3791 ita
648 3725 737 3792 instit
737 3726 829 3809 uerit,
857 3725 1082 3809 utparvulum
1104 3723 1246 3807 eorporis
1267 3721 1379 3787 vitium

244 3833 300 3892 aut
322 3827 464 3893 notabile
487 3828 576 3893 aliud
598 3829 720 3912 aliquid
741 3848 938 3913 magnopere
962 3831 1186 3912 exaggeraret.
1236 3824 1377 3922 Quod
1352 3845 1379 3890 su

169 3922 171 3927 ’
245 3951 355 3996 verum
370 3937 429 4014 est,
452 3934 614 3998 τουτοισί)
637 3933 680 3996 ad
695 3931 942 4016 Aristophanem
957 3938 1106 4015 spectare
1121 3930 1230 4013 liquet.
1254 3929 1379 3994 aneuo

245 4033 375 4116 quidem
396 4040 540 4100 remanet
562 4053 672 4099 versus
687 4035 717 4118 4,
741 4055 812 4100 oum
834 4033 1059 4100 Arohestratus
1081 4033 1190 4098 strabo
1213 4038 1270 4097 aut
1284 4052 1381 4098 varus

246 4139 314 4205 sive
337 4138 452 4220 valgus
468 4175 509 4185 -
530 4159 605 4202 nam
627 4137 702 4202 talis
725 4143 774 4203 est
797 4159 870 4204 mea
892 4137 1052 4203 sententia
1075 4138 1092 4200 6
1116 4136 1379 4225 διεστραμμένος,

247 4241 332 4326 quod
360 4240 525 4324 epitheton
553 4239 692 4324 pertinet
721 4239 789 4307 sine
821 4240 918 4305 dubio
948 4241 992 4305 ad
1020 4240 1262 4307 Arehestratum
1283 4242 1380 4306 -iu

247 4342 437 4410 eomioorum
460 4362 590 4408 numero
612 4363 676 4408 non
699 4349 855 4410 ooeurrat.
885 4344 999 4427 Neque
1021 4349 1130 4408 tamen
1152 4344 1184 4408 in
1206 4345 1268 4411 hoe
1282 4346 1380 4410 offen·

248 4445 386 4511 dandum
402 4450 460 4527 eat,
485 4446 571 4528 quod
586 4446 715 4529 saepius
731 4446 889 4511 aeoidisse
905 4467 1003 4531 supra
1018 4447 1200 4514 dixerimus.
1231 4449 1380 4514 Ceterum
