3167 4992
687 348 876 410 ..9,

300 535 504 601 Praecedunt
548 542 655 600 autem
700 543 844 620 tempore
889 536 1117 620 Daetalenses,
1170 534 1351 620 Babylonii,

213 641 448 723 Achamenses,
473 659 554 722 quas
577 639 761 705 comoedias
777 639 960 705 Callistrato
984 639 1148 705 docendas
1171 639 1350 705 dediderat.

215 744 281 810 Sed
304 763 435 809 curnam
457 743 688 828 Aristophanes
709 765 773 809 non
788 764 845 808 suo
861 743 987 809 nomine
1003 743 1062 808 has
1077 743 1205 808 fabulas
1221 742 1351 808 docuit?

215 847 279 913 Our
311 847 412 913 tribus
446 846 572 911 demum
606 846 697 910 annis
731 853 805 930 post
835 866 931 929 quam
958 846 1061 930 prima
1091 852 1167 912 acta
1189 853 1260 912 erat
1281 846 1351 930 ipse

215 952 344 1018 chorum
367 950 504 1035 petivit?
549 949 653 1027 Quam
679 972 746 1016 rem
774 951 871 1016 facile
894 950 1155 1035 intelligeremus,
1185 950 1212 1014 si
1234 957 1350 1034 postea

214 1077 340 1140 semper
373 1056 443 1140 ipse
478 1055 653 1138 docuisset3
691 1061 726 1119 at
762 1077 803 1120 ne
841 1062 907 1119 tum
941 1054 1070 1136 quidem
1103 1054 1286 1120 Callistrato
1320 1061 1353 1120 et

214 1159 375 1224 Philonidi
409 1158 592 1224 comoedias
626 1159 804 1224 concedere
838 1157 971 1242 destitit,
1007 1158 1082 1240 quin
1109 1158 1208 1223 etiam
1233 1160 1351 1247 plume,

216 1271 368 1346 quantum
389 1263 467 1328 licet
488 1262 609 1346 videre,
637 1283 732 1345 quam
755 1263 824 1347 ipse
847 1263 880 1327 in
903 1282 1055 1328 scaenam
1077 1262 1243 1327 commisit.

301 1367 369 1434 Sed
391 1367 569 1449 audiamus,
594 1387 677 1449 quae
693 1373 792 1451 poeta
807 1367 877 1451 ipse
893 1375 1012 1451 narrat,
1036 1387 1108 1432 cum
1123 1367 1254 1452 saepius
1269 1367 1354 1432 hane

215 1493 282 1536 rem
304 1470 412 1537 iocose
436 1477 469 1536 et
490 1471 656 1553 ingeniose
679 1471 799 1536 luserit.
835 1464 941 1552 Atque
964 1470 1084 1554 primus
1108 1477 1156 1536 est
1178 1472 1269 1536 locus
1289 1471 1354 1555 ille,

216 1594 310 1657 quem
338 1574 433 1639 modo
455 1574 667 1658 laudavimus,
690 1575 772 1656 Equ.
796 1595 842 1638 vs
864 1575 927 1638 512
950 1594 1019 1656 sqq.
1058 1576 1096 1638 ln
1118 1574 1181 1639 hac
1203 1574 1355 1656 Equitum

215 1679 369 1764 parabasi
391 1680 506 1743 multos
528 1684 639 1743 narrat
654 1677 885 1762 Aristophanes
902 1678 945 1743 ad
960 1699 995 1743 se
1011 1678 1138 1744 venisse
1154 1686 1187 1744 et
1202 1680 1355 1746 mirantes

217 1783 423 1867 quaesivisse,
459 1801 514 1848 cur
547 1803 610 1847 non
643 1782 706 1847 iam
742 1781 863 1846 dudum
896 1801 953 1846 suo
984 1782 1111 1847 nomine
1141 1783 1271 1848 chorum
1300 1805 1354 1868 po-

216 1887 382 1971 poscisset.
428 1887 579 1952 Consulto
603 1906 637 1951 se
661 1892 847 1951 cunctatum
870 1905 940 1951 esse
966 1891 999 1951 et
1021 1885 1211 1969 haesitasse,
1236 1907 1307 1952 eum
1323 1893 1356 1953 et

216 1996 319 2056 artem
341 1989 502 2074 poeticam
525 1988 663 2055 omnium
684 1990 905 2055 difficillimam
919 1995 1050 2074 putaret
1065 1995 1098 2054 et
1113 1989 1356 2056 Atheniensium

216 2094 340 2159 animos
369 2093 476 2158 varios
504 2099 602 2174 atque
632 2093 803 2159 mutabiles
834 2113 904 2158 esse
932 2092 1020 2157 haud
1041 2091 1215 2174 ignoraret.
1262 2092 1356 2170 Quod

216 2204 386 2283 postquam
421 2197 576 2281 exemplis
609 2197 790 2280 illustravit,
826 2217 916 2261 suam
950 2202 1053 2261 artem
1087 2203 1254 2281 comparat
1284 2219 1356 2264 eum

216 2302 362 2367 nautica:
393 2301 553 2366 neminem
580 2302 829 2383 gubernatorem
858 2300 966 2365 statim
989 2300 1144 2365 exsistere
1167 2321 1273 2385 posse,
1297 2302 1356 2368 sed

215 2405 361 2470 omnihus
384 2404 538 2488 deinceps
557 2404 740 2469 muneribus
756 2403 943 2487 fungentem
958 2402 1127 2488 paullatim
1143 2405 1187 2469 ad
1202 2425 1356 2472 summum

215 2509 321 2573 locum
342 2507 521 2592 pervenire,
545 2527 591 2572 vs.
613 2509 674 2572 541
699 2528 785 2590 sqq:

260 2617 348 2676 ταῦτ’
374 2611 527 2697 ὀρρωδῶν
551 2611 705 2696 διέτριβεν
727 2614 789 2686 δεῖ,
813 2612 865 2675 καὶ
889 2611 972 2698 πρὸς
994 2610 1157 2677 τούτοισιν
1172 2615 1312 2695 ἔφασκεν

260 2715 368 2800 ἐρέτην
390 2719 504 2800 χρῆναι
520 2721 633 2800 πρῶτα
649 2720 816 2795 γενέσθαι,
840 2716 920 2801 πρὶν
935 2716 1110 2800 πηδαλίοις
1125 2716 1309 2802 ἐπιχειρεῖν,

259 2821 328 2900 κᾷτ’
352 2819 504 2884 ἐντεῦθεν
525 2823 751 2906 πρῳρατεῦσαι
773 2821 826 2882 καὶ
850 2820 925 2893 τοὺς
947 2821 1087 2902 ἀνέμους
1111 2819 1302 2904 διαθρῆσαι,

261 2923 345 3004 κᾷτα
367 2927 523 3008 κυβερνᾶν
545 2923 646 2987 αὐτὸν
667 2920 780 3006 ἑαυτῷ.

303 3028 374 3094 Non
405 3026 481 3092 lieet
511 3048 552 3092 ex
582 3027 645 3091 hae
668 3046 732 3109 qua
755 3025 854 3091 utitur
875 3032 974 3109 poeta
997 3024 1203 3089 similitudine
1227 3025 1358 3091 efficere

215 3130 464 3215 Aristophanem
491 3131 524 3195 in
552 3130 725 3196 comoediis
756 3130 821 3196 suis
849 3135 925 3195 ante
955 3129 1089 3212 Equites
1121 3129 1224 3194 doctis
1246 3138 1357 3213 partes

217 3235 336 3317 egisse3
360 3234 395 3299 id
416 3255 513 3300 unum
534 3234 669 3300 concedi
684 3239 801 3318 potest,
826 3233 912 3315 quod
927 3234 1033 3298 multis
1049 3233 1152 3298 visum
1168 3239 1225 3317 est,
1249 3234 1357 3300 verbis

217 3339 293 3412 τούς
315 3339 453 3420 ἀνέμους
478 3339 656 3423 διαθρῆσαι
679 3360 752 3404 eum
767 3360 895 3404 sensum
910 3340 1053 3422 subesse,
1074 3344 1110 3403 nt
1124 3338 1357 3423 Aristophanes

217 3443 336 3508 fabulis
359 3442 464 3508 alieno
488 3442 614 3508 nomine
638 3443 814 3508 commissis
837 3463 949 3508 auram
972 3433 1161 3527 popularem
1184 3444 1357 3511 observare

217 3546 362 3630 voluerit,
398 3545 473 3628 quia
501 3547 563 3611 hoc
591 3546 757 3612 eonsilium
788 3546 856 3611 eius
884 3567 999 3612 revera
1026 3546 1095 3623 fuit.
1141 3546 1229 3613 Nihil
1257 3547 1355 3629 ultra3

210 3670 291 3715 ‘nam
318 3649 380 3715 hoc
408 3657 532 3715 tantum
554 3649 633 3715 dicit
655 3656 771 3733 poeta:
803 3649 970 3734 permagni
994 3670 1029 3715 se
1053 3650 1162 3715 facere
1185 3649 1356 3734 poeticam,

218 3775 324 3838 quam,
340 3760 375 3819 ut
390 3755 586 3836 gubernator
601 3759 704 3818 artem
717 3753 863 3839 regendi,
880 3753 927 3818 ita
942 3753 1012 3837 ipse
1027 3753 1196 3837 paullatim
1212 3753 1356 3818 ediscere

218 3858 374 3941 debuerit,
398 3858 583 3942 priusquam
605 3857 639 3921 in
661 3858 825 3941 publicum
846 3857 975 3942 prodire
998 3856 1147 3941 potuerit.
1182 3857 1225 3921 Et
1248 3877 1357 3938 quam-

218 3984 314 4044 quam
347 3963 470 4027 Musam
504 3962 570 4026 iam
603 3962 738 4046 primam
772 3983 864 4028 suam
897 3961 1042 4027 fabulam
1074 3960 1205 4045 placido
1238 3961 1356 4026 lumine

216 4065 335 4131 vidisse
364 4066 480 4149 plausu
508 4070 725 4149 spectatorum
755 4066 889 4131 edoctus
917 4071 1012 4148 esset,
1041 4071 1153 4129 tamen
1172 4063 1288 4128 civium
1311 4064 1356 4130 in-

217 4169 430 4235 constantiam
453 4169 617 4234 timentem
636 4177 758 4235 netum
775 4169 904 4251 quidem
920 4189 954 4233 se
971 4188 1082 4233 ausum
1099 4186 1169 4231 esse
1186 4166 1357 4235 discrimen

216 4275 336 4340 faeere.
382 4273 504 4351 Quibus
535 4274 575 4338 de
604 4273 726 4338 caussis
754 4280 822 4338 tam
845 4272 900 4337 diu
922 4277 1106 4337 cunctatum
1129 4276 1230 4335 semet
1253 4271 1357 4356 ipsum

216 4385 282 4444 tum
305 4379 433 4444 demum
454 4377 606 4461 Equitum
629 4378 759 4443 chorum
781 4376 946 4462 petivisse.
991 4376 1054 4439 Hic
1076 4395 1188 4440 sensus
1210 4377 1356 4443 versibus

215 4484 340 4566 subest3
356 4482 434 4546 nihil
450 4482 548 4548 etiam
564 4480 694 4566 insuper
710 4481 863 4564 colligere
879 4481 931 4546 vel
946 4479 1053 4564 potius
1069 4480 1266 4546 comminisci
1280 4481 1357 4546 licet
