3167 4992
703 355 915 419 „23-

249 549 378 628 poetam
412 563 482 609 esse
512 543 684 627 simularet,
718 541 895 626 parabasin
922 541 1144 626 composuerit.
1176 543 1279 616 ‚Nam
1303 541 1385 625 quin

249 647 306 711 illa
326 646 440 712 verba:

405 747 657 831 διαβαλλόμενος
696 747 727 811 δ’
760 747 829 812 όπό
864 751 929 811 τῶν
965 745 1096 833 ἐχθρῶν
1130 746 1166 811 ἐν
1202 748 1386 832 Ἀθηναίοις

1071 849 1299 932 ταχυβούλοις,

404 953 447 1028 ὥς
473 951 623 1038 κωμῳδοί
648 953 705 1038 τήν
730 952 830 1016 πόλιν
857 953 947 1038 ήμῶν
973 953 1026 1016 καὶ
1053 953 1111 1017 τόν
1137 953 1244 1038 δήμον
1272 957 1385 1017 καθυ-

1072 1057 1172 1143 βρίζει

252 1160 295 1226 ad
322 1179 468 1225 caussam
490 1181 511 1224 a
534 1159 653 1225 Oleene
680 1160 835 1226 intentam
863 1160 1033 1226 referenda
1055 1160 1127 1245 sint,
1159 1161 1301 1226 dubitari
1323 1182 1387 1226 nen

252 1269 367 1348 petest,
392 1269 586 1347 quapropter
609 1263 649 1328 de
666 1262 849 1329 Callistrato
872 1263 934 1328 hee
948 1264 1019 1328 loeo
1036 1263 1091 1346 agi
1106 1263 1311 1330 manifestum
1327 1271 1386 1330 est.

338 1366 443 1448 Atque
472 1366 580 1450 paullo
608 1373 681 1452 post
708 1387 804 1449 quam
834 1366 944 1451 pepuli
974 1366 1069 1432 saluti
1099 1373 1132 1432 et
1154 1367 1330 1433 eemmedis
1353 1388 1389 1434 se
1421 1414 1426 1420 -

254 1489 379 1554 semper
401 1469 433 1534 in
456 1470 629 1536 eemeediis
652 1470 717 1537 suis
740 1471 935 1536 consuluisse
958 1470 1113 1554 gloriatus
1133 1477 1192 1555 est,
1215 1470 1324 1556 pergit
1339 1471 1390 1536 his

235 1573 398 1664 uersibus
421 1573 644 1640 eenelamatis:

408 1675 570 1762 τοιγάρτοι
597 1681 657 1741 νῦν
684 1677 717 1739 ἐκ
744 1680 809 1740 τῶν
837 1676 966 1741 πόλεων
987 1677 1044 1741 τόν
1066 1677 1173 1762 φόρον
1194 1675 1272 1759 ύμῖν
1294 1676 1389 1739 ἀπά-

1079 1801 1190 1859 νοντες

409 1884 552 1966 ήξουσιν,
576 1881 657 1946 ἰδεῖν
679 1882 918 1964 ἐπιθυμοῦντες
940 1883 997 1945 τόν
1016 1881 1154 1965 ποιητήν
1169 1882 1226 1944 τόν
1241 1884 1388 1967 ἄριστον,

303 1986 375 2049 645.
411 1987 496 2058 ὅστις
519 1984 783 2070 παρεκινδύνευσ
806 1987 910 2049 εἰπεῖν
931 1985 966 2048 ἐν
979 1985 1161 2068 Ἀθηναίοις
1183 1986 1224 2046 τὰ
1247 1984 1368 2048 δίκαια.

411 2089 495 2150 οῦτω
530 2087 561 2151 δ’
590 2089 693 2152 αὐτοῦ
725 2089 799 2174 περὶ
832 2092 887 2173 τής
921 2088 1039 2173 τόλμης
1067 2087 1130 2173 ήδη
1158 2087 1272 2174 πόρρω
1299 2089 1392 2163 κλέος

438 2179 445 2192 ’
629 2181 633 2187 ’
754 2229 757 2236 ⁴
1078 2193 1157 2275 ήκει,

412 2295 466 2360 ὅτε
492 2294 544 2356 καὶ
571 2295 731 2377 βασιλεύς,
754 2295 1025 2376 Λακεδαιμονίων
1050 2295 1107 2379 τήν
1129 2298 1304 2380 πρεσβείαν
1325 2299 1390 2377 βα-

1080 2398 1231 2475 σανίζων,

414 2503 572 2589 ἠρώτησεν
606 2508 720 2589 πρῶτα
755 2503 815 2586 μὲν
847 2504 985 2578 αύτούς,
1024 2503 1156 2589 πότεροι
1193 2514 1262 2577 ταῖς
1298 2504 1393 2567 ναυσί

1013 2619 1016 2623 ’
1081 2611 1268 2691 κρατοῦσιν·

416 2711 484 2771 εἶτα
518 2709 553 2772 δὲ
587 2714 703 2775 τοῦτον
735 2711 793 2776 τὸν
827 2710 964 2795 ποιητήν
997 2713 1155 2795 ποτέρους
1187 2712 1277 2774 εἴποι
1311 2713 1396 2774 κακὰ

1084 2813 1209 2876 πολλοί·

309 2917 381 2981 650.
417 2916 551 2990 τούτους
589 2919 650 3003 γὰρ
687 2916 749 3002 ἔφη
785 2918 862 2991 τούς
894 2917 1096 3003 ἀνθρώπους
1130 2916 1218 2980 πολύ
1250 2916 1397 2998 βελτίους

1083 3023 1278 3105 γεγενῆσθαι

417 3125 477 3188 κόν
509 3129 554 3211 τῷ
588 3125 720 3212 πολέμῳ
754 3125 840 3190 πολύ
874 3125 1027 3209 νικήσειν,
1062 3126 1179 3188 τοῦτον
1211 3123 1398 3207 ξύμβουλον
1428 3143 1433 3148 ·

874 3239 877 3246 “
1085 3230 1228 3309 ἔχοντας.

421 3333 477 3396 διὰ
509 3335 607 3398 ταῦθ’
636 3333 720 3418 ὑμᾶς
748 3331 1003 3414 Λακεδαιμόνιοι
1032 3332 1089 3417 τήν
1115 3331 1242 3416 εἰρήνην
1268 3354 1398 3418 προκα-

879 3513 882 3519 ¹
1061 3435 1221 3499 -λυῦνται

418 3541 471 3604 καὶ
508 3543 565 3626 τήν
602 3543 737 3622 Αἴγιναν
773 3542 984 3605 ἀπαιτοῦσιν·
1022 3540 1075 3602 καὶ
1112 3544 1167 3624 τής
1204 3539 1303 3623 νήσου
1340 3540 1401 3620 μὲν

1090 3642 1209 3726 ἐκείνης

422 3749 460 3812 οό
488 3750 706 3836 φροντίζουσ’,
740 3749 811 3813 ἀλλ’
842 3754 896 3812 ἵνα
921 3752 1038 3812 τοῦτον
1064 3747 1121 3811 τόν
1150 3742 1286 3830 ποιητήν
1315 3745 1402 3829 ἀφέ-

1090 3849 1220 3914 λωνται.

317 3959 389 4022 655.
425 3955 495 4019 ἀλλ’
529 3956 618 4040 ὑμεῖς
651 3980 701 4020 τοι
734 3957 777 4041 μή
813 3956 889 4019 ποτ’
917 3954 1049 4040 όφήθ’·’
1076 3952 1119 4026 ὥς
1148 3951 1337 4037 κωμῳδήσει
1364 3954 1406 4015 τὰ

1092 4054 1212 4118 δίκαια.

293 4240 303 4260 .
356 4164 449 4241 Quod
472 4166 512 4232 de
535 4185 612 4248 rege
635 4166 805 4231 Persarum
827 4169 925 4249 poeta
947 4161 1120 4243 fabulatur,
1149 4180 1223 4223 mea
1244 4159 1407 4226 sententia

269 4284 375 4332 merus
401 4267 490 4334 ioeus
513 4277 571 4353 est,
601 4269 655 4351 qui
683 4275 787 4334 utrum
817 4272 1013 4352 opportunus
1034 4263 1077 4329 sit
1099 4269 1132 4328 et
1154 4263 1280 4328 facetus
1302 4284 1407 4330 neene

270 4375 376 4434 teeum
403 4369 472 4454 ipse
503 4371 677 4456 deliberem
705 4371 781 4436 mihi
810 4391 862 4437 res
891 4376 959 4436 este
983 4389 1055 4435 eum
1077 4367 1227 4433 extremis
1249 4366 1406 4451 versibus

270 4471 304 4536 in
332 4472 445 4554 quibus
473 4474 513 4540 de
536 4474 663 4557 Aegina
690 4477 790 4541 verba
817 4474 896 4539 fiunt
918 4493 1022 4557 eaque
1044 4471 1124 4538 satis
1147 4472 1292 4537 obseura.
1338 4471 1408 4536 Sed
