3167 4992
703 359 916 420 -12--

248 546 393 630 innotuit,
417 567 539 613 summa
562 566 597 612 se
621 546 724 629 gloria
747 551 920 612 ornaverat
942 546 1022 630 ipse,
1051 546 1172 629 ingenii
1195 568 1259 611 non
1281 546 1384 611 minus

247 651 447 736 praestantia
479 651 677 736 perspicuus,
713 673 810 735 quam
836 650 1011 716 studiorum
1038 650 1172 734 insignis
1199 651 1381 716 nobilitate:

248 761 399 840 parentes
423 755 572 837 equidem
593 777 657 822 non
679 755 784 821 infimo
805 746 878 821 loco
905 761 998 821 natus
1020 777 1125 839 neque
1147 755 1307 847 ignobiles
1328 754 1382 820 hc-

248 859 349 924 mines
371 859 470 925 fuisse
494 859 694 925 crediderim.
739 860 853 941 Neque
876 859 904 924 si
926 858 1062 944 primum
1085 859 1153 925 eius
1176 859 1208 922 in
1224 857 1384 924 theatrum

247 963 424 1046 ingressum
448 969 503 1028 aut
519 969 619 1029 tutam
633 963 700 1029 eius
717 955 826 1046 vitam,
850 969 1004 1045 quantum
1019 963 1052 1028 id
1066 963 1153 1046 licet,
1177 963 1383 1046 contemplor,

247 1087 408 1152 pauperes
442 1087 497 1133 eos
530 1067 627 1133 fuisse
662 1073 694 1133 et
721 1066 764 1132 ad
791 1067 962 1133 illiberalia
990 1067 1123 1150 negotia
1154 1073 1284 1132 coactos
1307 1066 1383 1130 mihi

249 1170 444 1254 persuadere
468 1191 559 1253 queo.
607 1171 707 1236 Omne
731 1171 816 1237 cnim
838 1192 858 1235 a
881 1178 987 1236 nostro
1003 1177 1102 1254 poeta
1117 1172 1211 1237 abest
1227 1170 1384 1235 commodi

249 1274 298 1339 sui
320 1273 488 1339 studium.“
519 1275 605 1340 Raro
628 1274 757 1358 ingenio
773 1275 939 1361 praeditus
955 1277 1133 1342 destinatus
1149 1278 1383 1360 quodammodo

249 1377 308 1441 fuit
330 1376 561 1461 Aristophanes
591 1379 635 1444 ad
663 1381 785 1464 poesin,
817 1400 913 1462 quarn
941 1402 1058 1464 magno
1087 1373 1195 1447 amore
1218 1382 1385 1466 amplexus

248 1480 429 1546 bellissimis
468 1481 598 1547 floribus
636 1483 818 1568 exemerit,
859 1504 930 1549 cum
967 1485 1029 1550 arti
1063 1505 1140 1550 suae
1175 1485 1252 1550 artis
1286 1485 1385 1570 ipsius

250 1604 364 1650 caussa
387 1605 421 1650 se
445 1586 537 1651 daret
560 1593 592 1650 et
615 1586 693 1652 dare
716 1594 835 1671 posset,
860 1607 894 1652 se
918 1576 1062 1671 aliosque
1086 1589 1269 1671 oblectans3
1301 1610 1385 1671 quae

249 1694 351 1754 artem
372 1695 490 1772 poetae
514 1690 725 1774 excedebant,
749 1690 862 1756 reiecit
885 1697 919 1756 ut
940 1693 1076 1757 molesta
1099 1698 1132 1757 et
1146 1691 1313 1758 fastidivit.
1343 1693 1386 1756 Et

249 1792 383 1856 molesta
416 1813 479 1857 nou
514 1793 609 1858 dubie
644 1793 775 1877 negotia
809 1795 961 1860 scaenica
991 1795 1127 1878 fuerunt,
1163 1794 1283 1880 quippe
1314 1815 1385 1860 curn

250 1894 435 1961 archontem
462 1896 552 1961 adire
582 1896 774 1980 chorumque
803 1899 845 1963 ab
877 1918 915 1963 eu
943 1904 1053 1982 petere
1077 1918 1158 1982 opus
1181 1904 1266 1962 esset
1289 1905 1386 1980 atque

250 1998 422 2064 choreutae
453 2008 485 2064 et
515 2006 641 2066 actores
669 2000 856 2066 instituendi
884 2010 1000 2085 essent,
1033 2001 1151 2084 quoin
1173 2021 1303 2066 munere
1325 2001 1387 2066 nisi

250 2101 320 2183 quis
342 2122 465 2168 summa
487 2124 587 2189 opera
610 2104 841 2188 diligentiaque
857 2106 1017 2190 utebatur,
1041 2111 1175 2172 eventus
1189 2105 1244 2170 vix
1260 2110 1388 2190 poterat

250 2206 384 2290 sperari·
418 2206 508 2284 Quae
532 2208 733 2275 incommoda
747 2215 783 2273 ut
799 2209 936 2275 evitaret
951 2209 1184 2294 Aristophanes
1199 2208 1386 2293 saepissime

250 2330 309 2393 per
331 2309 411 2375 alios
435 2311 618 2377 comoedias
641 2332 715 2377 suas
731 2312 897 2378 docendas
913 2311 1046 2395 curavit,
1071 2333 1142 2377 cum
1157 2313 1227 2397 ipse
1242 2312 1387 2394 magistri

250 2434 381 2480 munere
415 2415 493 2480 satis
526 2437 598 2481 raro
626 2415 821 2498 fungeretur.
876 2415 959 2493 Quin
987 2415 1085 2481 etiam
1111 2416 1231 2500 primas
1260 2416 1387 2481 fabulas

250 2519 431 2602 putaverim
452 2519 515 2584 hac
539 2519 579 2585 de
603 2539 718 2584 caussa
740 2540 804 2584 non
826 2519 928 2584 minus
944 2540 1039 2600 quarn
1055 2525 1186 2603 propter
1201 2519 1387 2584 adulescen-

251 2622 330 2686 tiam
351 2621 573 2705 inscitiamque
597 2622 781 2689 Callistrato
805 2644 826 2688 a
848 2630 946 2706 poeta
969 2623 1106 2688 traditas
1130 2643 1209 2688 esse.

338 2726 482 2809 Cognitis
508 2727 573 2792 iam
601 2727 731 2811 caussis,
762 2726 877 2809 quibus
899 2727 1053 2810 impulsus
1075 2726 1306 2811 Aristophanes
1330 2746 1387 2790 suu

251 2830 377 2896 nomine
412 2831 539 2896 fabulas
576 2832 693 2897 docere
726 2832 912 2914 plerumque
950 2829 1200 2913 supersedebat,
1239 2829 1386 2912 quaestio

253 2934 402 3019 exoritur,
433 2942 537 3000 utrum]
559 2934 761 3000 Callistratus
793 2940 826 3000 et
847 2933 1032 2999 Philonides
1061 2932 1299 2998 comoediarum
1320 2932 1389 2996 Ari-

253 3038 511 3122 stophanearum,
536 3059 616 3121 quas
636 3038 808 3121 docebant,
831 3037 900 3103 veri
914 3042 1032 3122 poetae
1047 3037 1150 3102 hahiti
1165 3036 1228 3102 sint
1244 3059 1264 3102 a
1279 3038 1390 3122 populi

252 3141 453 3207 multitudine
484 3163 595 3207 necne.
645 3141 804 3224 Equidem
827 3163 888 3224 ego
911 3141 944 3205 in
967 3147 1038 3206 utra
1061 3141 1120 3206 sim
1143 3141 1303 3207 sententia
1325 3142 1390 3206 iam

254 3245 453 3311 adumbravi.
498 3245 745 3329 Aristophanem
768 3245 862 3328 enim,
892 3245 1078 3328 priusquam
1100 3244 1234 3326 Equites
1256 3264 1313 3309 suo
1336 3265 1389 3309 no·

253 3348 337 3414 mine
360 3348 393 3412 in
415 3369 567 3414 scaenam
589 3349 765 3432 induceret,
787 3368 851 3413 uon
873 3347 1048 3413 innotuisse
1064 3354 1194 3432 poetam
1208 3347 1278 3433 ipse
1295 3348 1391 3413 docet

254 3452 345 3516 testis
367 3452 643 3536 locupletissimus,
666 3452 827 3533 foedeque
851 3460 968 3534 errant,
993 3451 1046 3533 qui
1068 3451 1131 3536 ipsi
1154 3449 1271 3536 poetae
1294 3452 1390 3517 fidem

255 3556 449 3639 derogantes
478 3556 569 3637 quasi
598 3577 657 3640 per
686 3555 750 3620 vim
777 3555 811 3618 in
839 3555 974 3620 alteram
996 3555 1189 3620 sententiam
1212 3555 1390 3644 discedunt.

255 3659 338 3725 Nam
372 3659 450 3742 quid
483 3659 615 3725 tandem
648 3678 768 3741 quaeso
803 3657 864 3723 sibi
893 3659 1013 3724 vellent
1040 3659 1141 3724 verba
1167 3659 1224 3724 illa
1250 3680 1325 3743 pag.
1351 3659 1392 3722 10

256 3762 427 3846 exscripta,
451 3763 534 3829 Nub.
551 3783 596 3827 vs.
614 3764 676 3828 528
692 3782 772 3845 sqq,
796 3762 857 3826 nisi
880 3769 978 3846 poeta
1001 3762 1193 3828 adulescens
1215 3763 1247 3826 in
1266 3763 1391 3828 occulto

254 3887 289 3932 se
314 3865 518 3950 condidisset,
544 3886 615 3930 cum
638 3865 719 3931 alius
742 3866 1057 3950 poetacomocdiam
1073 3867 1239 3951 exciperet
1254 3873 1286 3932 et
1302 3886 1392 3931 suam

256 3971 389 4054 faceret,
412 3978 576 4051 tamquam
598 3969 718 4035 femina
740 3969 823 4035 alius
846 3969 978 4052 virginis
994 3969 1092 4036 liliam
1108 3970 1287 4056 expositam
1302 3990 1393 4036 suam

257 4075 380 4141 faceret
413 4081 446 4140 et
478 4073 636 4139 nutriret?
680 4075 752 4141 Non
785 4073 880 4138 modo
914 4094 1168 4157 supervacanea,
1204 4074 1263 4139 sed
1296 4074 1394 4139 etiam

255 4179 367 4262 inepta
399 4178 482 4243 haec
515 4178 616 4243 verba
649 4183 769 4261 essent,
809 4177 836 4242 si
868 4176 1117 4261 Aristophanem
1151 4178 1395 4244 Daetalensium

257 4289 420 4347 auctorem
449 4301 530 4365 esse,
561 4301 632 4346 cum
660 4280 828 4346 comoedia
855 4281 1024 4365 agebatur,
1055 4303 1148 4347 nemo
1170 4281 1393 4364 ignoravisset.

259 4385 352 4463 Quod
375 4385 402 4450 si
424 4404 476 4450 res
498 4385 545 4450 ita
567 4405 602 4450 se
625 4384 801 4467 habuisset,
824 4383 1026 4450 Callistratus
1050 4392 1083 4450 et
1097 4384 1282 4450 Philonides
1305 4384 1397 4467 quasi

258 4489 396 4574 operarii
412 4487 556 4572 fuissent,
580 4488 621 4555 de
643 4488 757 4571 quibus
772 4487 1021 4573 Aristophanem
1035 4489 1069 4554 in
1083 4488 1201 4555 fabulis
1216 4488 1282 4555 suis
1297 4490 1398 4555 verba
