3167 4992
704 309 913 392 ,¹54-

327 499 476 566 Profecto
507 500 590 566 baec
620 518 737 565 caussa
766 519 845 565 vera
872 518 943 564 esse
971 498 1073 583 primo
1101 499 1213 563 obtutu
1241 498 1376 581 videtur,

242 625 303 670 nec
325 609 433 668 tamen
455 602 588 668 Richter
610 601 755 668 versibus
778 602 946 685 satisfecit,
973 602 1007 666 in
1030 622 1164 684 quorum
1186 602 1378 668 sententiam

242 707 339 774 altius
361 706 472 773 debuit
494 711 675 791 penetrare.
720 707 805 773 Nam
827 705 895 772 sive
918 694 1058 770 Lenaeis
1080 704 1287 790 pronuntiata
1306 711 1379 770 sunt

243 811 311 877 sive
341 810 505 895 Dionysiis
538 809 673 893 magnis,
708 809 788 875 mira
815 815 889 874 sunt
915 810 1016 875 verba
1043 811 1096 874 vel
1123 809 1272 893 maxime,
1308 830 1380 874 cum

191 935 195 942 ·
243 916 329 1001 nullo
357 914 452 980 modo
478 913 615 995 intelligi
643 912 754 997 possit,
783 912 811 978 si
833 912 979 996 frugibus
1001 913 1111 996 pluvia
1134 933 1215 997 opus
1238 919 1296 997 est,
1324 934 1381 978 cur

244 1018 285 1083 τὰ
303 1001 403 1104 ’πρῷα
430 1039 471 1083 ea
494 1037 605 1082 carere
629 1017 760 1101 possint.
804 1016 938 1082 'Etenim
960 1015 1007 1081 sic
1029 1016 1185 1081 nominari
1207 1023 1379 1100 nequeunt,
1412 1073 1416 1080 .

244 1123 271 1188 si
291 1120 414 1204 aliquid
428 1120 534 1204 video,
557 1120 618 1186 nisi
633 1121 741 1186 secale
757 1126 790 1186 et
805 1119 968 1202 hordeum,
993 1140 1187 1202 quamquam
1202 1121 1244 1185 de
1259 1120 1379 1186 hordeo

245 1225 393 1293 dubitare
416 1224 502 1307 licet,
526 1224 645 1308 quippe
669 1225 754 1306 quod
776 1223 891 1288 floreat
905 1222 938 1288 in
953 1210 1064 1288 Attica
1079 1223 1137 1288 sub
1153 1223 1248 1288 finem
1263 1224 1381 1290 mensis
1424 1237 1429 1245 ’

245 1329 368 1411 Martii,
392 1328 499 1393 secale
523 1332 639 1411 autem,
664 1347 735 1392 cum
758 1326 823 1392 iam
844 1327 935 1392 initio
959 1326 1103 1392 eiusdem
1123 1326 1242 1392 mensis
1256 1327 1380 1411 floreat,

246 1438 333 1498 certe
368 1437 416 1496 cst
443 1435 681 1515 praematurum
690 1432 722 1510 ¹).
774 1430 841 1495 Sed
872 1429 998 1494 etiamsi
1024 1449 1134 1495 mense
1161 1430 1276 1496 Martio
1299 1431 1382 1496 baec

245 1537 405 1601 frumenta
437 1533 502 1599 iam
534 1533 662 1617 florent,
687 1517 808 1618 'pluvia
840 1533 888 1598 eis
922 1553 1002 1618 opus
1035 1555 1098 1599 non
1132 1555 1204 1600 esse
1237 1535 1382 1620 potuitne
1443 1595 1445 1599 .

246 1639 400 1706 affirmari
422 1637 587 1723 Dionysiis
615 1638 750 1722 magnis,
779 1658 863 1720 quae
891 1638 952 1703 boc
979 1659 1089 1704 mense
1112 1640 1383 1706 celebrabantur?

245 1745 375 1810 Minime
402 1743 438 1808 id
463 1742 532 1808 fieri
555 1742 668 1826 potuit,
697 1742 888 1826 praesertim
911 1762 982 1807 cum
1004 1742 1090 1808 Maio
1113 1743 1252 1826 denique
1274 1765 1384 1810 mense

246 1849 358 1915 messis
385 1848 485 1914 fieret.
536 1847 649 1914 Utrum
678 1855 775 1930 pocta
803 1847 884 1911 alios
914 1859 1040 1929 quoque
1068 1846 1190 1912 fructus
1218 1849 1383 1932 cogitavit,

246 1953 346 2019 veluti
368 1952 485 2034 vinum,
513 1952 612 2033 oleaS,
640 1970 746 2034 poma,
775 1970 887 2033 necne,
916 1949 994 2015 nihil
1016 1950 1124 2034 refert,
1154 1952 1307 2036 cumbis,
1331 1952 1384 2034 qui

248 2063 418 2123 anctumno
448 2057 575 2122 demum
603 2055 761 2138 legantur,
789 2051 899 2136 utique
927 2053 1037 2138 pluvia
1067 2051 1147 2138 o‘pus
1175 2056 1225 2120 sit.
1270 2057 1385 2138 Itaque

249 2162 292 2228 ad
315 2182 382 2227 rem
406 2158 648 2224 diiudicandam
670 2157 749 2222 nibil
770 2163 904 2242 possunt
926 2157 1046 2224 facere.
1083 2159 1191 2223 Verba
1214 2159 1319 2242 igitur,
1345 2160 1385 2224 de

250 2265 364 2347 quibus
395 2263 529 2347 agimus,
560 2283 621 2328 nco
649 2261 790 2326 Lenaeis
820 2282 881 2326 nec
904 2261 1068 2346 Dionysiis
1091 2262 1216 2344 magnis
1239 2262 1387 2326 videntur

249 2375 328 2452 apta
351 2367 459 2450 fuisse,
482 2365 626 2431 simodo
650 2386 728 2430 vera
752 2364 994 2448 disputavimus.
1031 2364 1167 2430 Accedit
1189 2365 1252 2430 buc
1274 2365 1386 2430 mirum

151 2547 155 2556 .
249 2471 328 2536 illud
349 2470 491 2556 βόρειον;
514 2489 588 2533 nam
611 2467 672 2534 etsi
694 2489 757 2532 non
780 2468 910 2533 offendo
933 2467 966 2532 in
988 2467 1051 2533 bac
1073 2468 1185 2553 forma,
1209 2489 1293 2550 quae
1308 2489 1386 2533 sane

250 2574 504 2657 ὑποκοριστικῶς
527 2593 547 2636 a
569 2577 668 2656 poeta
691 2570 819 2636 videtur
841 2571 948 2656 posita
964 2591 1036 2659 csse
1051 2591 1109 2656 pro
1125 2575 1256 2657 βορρᾶς,
1280 2578 1388 2637 tamen

252 2677 330 2762 quid
357 2675 492 2759 frigidus
520 2675 706 2760 septemtrio
735 2675 881 2758 frugibus
903 2675 1004 2759 prosit
1025 2697 1089 2741 non
1104 2675 1266 2759 intelligo,
1296 2697 1388 2761 prae·

251 2780 360 2847 sertim
383 2801 454 2844 cum
476 2779 629 2864 pluviam,
653 2799 717 2861 qua
739 2779 915 2864 praecipue
939 2799 1019 2863 opus
1041 2784 1099 2864 est,
1123 2767 1176 2845 hic
1198 2785 1311 2865 tentus
1326 2800 1389 2844 non

252 2887 355 2952 soleat
376 2884 410 2948 in
433 2882 605 2950 Graeciam
627 2883 800 2949 adducere.
832 2882 924 2960 Quae
947 2882 974 2947 si
996 2903 1121 2949 mecum
1142 2890 1256 2968 reputo
1272 2883 1388 2967 omnia,

253 2989 286 3053 hi
309 3007 420 3054 versus
443 2986 571 3052 obscuri
595 3006 666 3052 esse
690 2986 767 3050 mibi
789 2985 940 3051 videntur
962 2987 1015 3052 vel
1036 2987 1174 3052 maxime
1198 2993 1296 3069 atque
1318 3007 1390 3052 con-

252 3094 354 3159 tinere
388 3091 496 3158 nescio
531 3091 608 3174 quid
641 3091 835 3157 facetiarum
870 3096 902 3156 ct
931 3090 1065 3174 leporis,
1095 3090 1181 3173 quod
1207 3091 1390 3175 perspicere

253 3197 361 3262 adbuc
387 3217 452 3261 non
479 3194 614 3276 contigit
641 3214 746 3277 neque
776 3214 928 3276 umquam
956 3193 1093 3259 fortasse
1122 3194 1300 3277 continget,
1330 3192 1391 3258 nisi

255 3301 337 3366 forte
360 3298 475 3364 misere
497 3299 599 3363 verba
623 3297 804 3382 depravata
827 3317 898 3363 esse
922 3297 1079 3382 suspicari
1101 3297 1212 3362 mavis.

341 3420 433 3498 Quae
462 3439 534 3485 cum
563 3417 609 3483 ita
639 3418 711 3502 sint,
739 3440 780 3484 ne
807 3419 869 3483 hoc
898 3418 1027 3500 quidem
1049 3419 1121 3483 loco
1143 3417 1189 3482 uti
1211 3416 1297 3502 licet,
1329 3438 1391 3501 quo

255 3527 434 3609 Vesparum
458 3529 584 3606 tempus
607 3522 738 3588 definire
763 3542 926 3606 queamus.
976 3522 1117 3588 Lenaeis
1139 3529 1215 3588 acta
1238 3528 1287 3588 est
1309 3522 1392 3587 baec

257 3626 424 3695 comoedia
458 3632 491 3691 ct
523 3625 660 3691 maxime
694 3625 812 3691 idonea
840 3625 910 3709 fuit,
942 3647 1025 3708 quae
1053 3626 1115 3691 boc
1145 3626 1227 3690 festo
1251 3625 1390 3690 daretur.

255 3734 339 3799 Nam
361 3735 476 3816 poetas
499 3729 637 3795 comicos
659 3735 860 3814 spectatores
881 3729 1062 3814 respexisse
1079 3728 1111 3793 in
1128 3727 1285 3811 eligendis
1301 3726 1392 3792 festis

257 3835 334 3901 mihi
357 3855 544 3920 persuasum
568 3821 631 3917 est,¹
656 3838 922 3917 ncc'repugnant
945 3833 1020 3898 buic
1042 3830 1221 3898 sententiae
1244 3831 1392 3896 didasca-

257 3940 332 4024 liae,
360 3959 441 4021 quas
464 3937 593 4021 quidem
615 3936 814 4022 noverimus3
843 3936 909 4002 alia
932 3936 1169 4002 comoediarum
1191 3941 1391 4019 argumenta,

330 4198 349 4267 1)
373 4197 494 4254 Secutus
512 4216 572 4253 sum
592 4198 720 4253 rationes
738 4196 865 4267 Augusti
883 4197 1053 4252 Mommsen:
1072 4195 1128 4250 Die
1147 4195 1196 4250 Vl.
1215 4213 1303 4250 mens.
1323 4194 1393 4250 Feb.

259 4287 357 4357 spicae
376 4285 482 4339 virides
501 4283 603 4338 seselis
616 4283 652 4337 de
665 4283 802 4338 folliculis
815 4287 928 4351 exeunt,
946 4281 1032 4336 floret
1044 4281 1138 4336 secale
1152 4282 1198 4334 die
1211 4281 1292 4336 VIII.
1305 4298 1394 4334 mens.

259 4373 352 4439 Mart,
378 4371 517 4424 hordeum
542 4370 588 4423 dic
610 4369 722 4423 XXIII.
741 4387 829 4424 mens.
848 4369 941 4432 Mart,
964 4368 1090 4424 triticum
1115 4367 1161 4422 die
1179 4367 1286 4423 XXVI.
1304 4384 1394 4421 mens.

260 4457 330 4529 Apr.
350 4456 450 4512 Messis
468 4455 570 4526 incipit
588 4456 675 4512 tertio
695 4455 756 4510 fere
776 4455 823 4509 die
841 4473 929 4509 mens.
948 4455 1015 4509 Mai.
