<?xml version="1.0" encoding="UTF-8"?>
<!DOCTYPE html PUBLIC "-//W3C//DTD XHTML 1.0 Transitional//EN"
    "http://www.w3.org/TR/xhtml1/DTD/xhtml1-transitional.dtd">
<html xmlns="http://www.w3.org/1999/xhtml" xml:lang="en" lang="en">
 <head>
  <title>
</title>
<meta http-equiv="Content-Type" content="text/html;charset=utf-8" />
  <meta name='ocr-system' content='tesseract 3.04.00' />
  <meta name='ocr-capabilities' content='ocr_page ocr_carea ocr_par ocr_line ocrx_word'/>
</head>
<body>
  <div class='ocr_page' id='page_1' title='image "./decallistratoet01briegoog_0038.png"; bbox 0 0 3167 4992; ppageno 0'>
   <div class='ocr_carea' id='block_1_1' title="bbox 685 340 926 404">
    <p class='ocr_par' dir='ltr' id='par_1_1' title="bbox 685 340 926 404">
     <span class='ocr_line' id='line_1_1' title="bbox 685 340 926 404; baseline 0 0"><span class='ocrx_word' id='word_1_1' title='bbox 685 340 926 404; x_wconf 82' lang='lat'>.-30-·</span> 
     </span>
    </p>
   </div>
   <div class='ocr_carea' id='block_1_2' title="bbox 245 526 1387 2258">
    <p class='ocr_par' dir='ltr' id='par_1_2' title="bbox 245 526 1387 2173">
     <span class='ocr_line' id='line_1_2' title="bbox 337 526 1387 612; baseline 0.001 -21"><span class='ocrx_word' id='word_1_2' title='bbox 337 526 426 592; x_wconf 91' lang='lat' dir='ltr'>Alios</span> <span class='ocrx_word' id='word_1_3' title='bbox 449 528 563 593; x_wconf 91' lang='lat' dir='ltr'>multos</span> <span class='ocrx_word' id='word_1_4' title='bbox 585 535 693 593; x_wconf 90' lang='lat' dir='ltr'>tamen</span> <span class='ocrx_word' id='word_1_5' title='bbox 717 528 757 593; x_wconf 93' lang='lat' dir='ltr'>de</span> <span class='ocrx_word' id='word_1_6' title='bbox 773 528 989 612; x_wconf 80' lang='lat' dir='ltr'><strong>Aristophane</strong></span> <span class='ocrx_word' id='word_1_7' title='bbox 1013 529 1174 612; x_wconf 78' lang='lat' dir='ltr'>cogitasse</span> <span class='ocrx_word' id='word_1_8' title='bbox 1195 528 1308 611; x_wconf 90' lang='lat' dir='ltr'>negari</span> <span class='ocrx_word' id='word_1_9' title='bbox 1323 549 1387 593; x_wconf 93' lang='lat' dir='ltr'>non</span> 
     </span>
     <span class='ocr_line' id='line_1_3' title="bbox 251 632 1385 717; baseline 0.001 -22"><span class='ocrx_word' id='word_1_10' title='bbox 251 637 367 716; x_wconf 90' lang='lat' dir='ltr'>potest,</span> <span class='ocrx_word' id='word_1_11' title='bbox 390 653 495 715; x_wconf 90' lang='lat' dir='ltr'>neque</span> <span class='ocrx_word' id='word_1_12' title='bbox 517 653 594 698; x_wconf 84' lang='lat' dir='ltr'>vero</span> <span class='ocrx_word' id='word_1_13' title='bbox 618 654 679 716; x_wconf 90' lang='lat' dir='ltr'>ego</span> <span class='ocrx_word' id='word_1_14' title='bbox 702 632 737 697; x_wconf 93' lang='lat' dir='ltr'>id</span> <span class='ocrx_word' id='word_1_15' title='bbox 758 633 863 699; x_wconf 85' lang='lat' dir='ltr'>miror.</span> <span class='ocrx_word' id='word_1_16' title='bbox 909 634 1051 699; x_wconf 82' lang='lat' dir='ltr'><strong>Posteris</strong></span> <span class='ocrx_word' id='word_1_17' title='bbox 1074 635 1157 700; x_wconf 92' lang='lat' dir='ltr'>enim</span> <span class='ocrx_word' id='word_1_18' title='bbox 1180 632 1385 717; x_wconf 78' lang='lat' dir='ltr'>temporibus,</span> 
     </span>
     <span class='ocr_line' id='line_1_4' title="bbox 252 735 1387 821; baseline 0 -21"><span class='ocrx_word' id='word_1_19' title='bbox 252 735 338 817; x_wconf 90' lang='lat' dir='ltr'>quod</span> <span class='ocrx_word' id='word_1_20' title='bbox 365 735 430 800; x_wconf 91' lang='lat' dir='ltr'>iam</span> <span class='ocrx_word' id='word_1_21' title='bbox 452 738 550 802; x_wconf 91' lang='lat' dir='ltr'>semel</span> <span class='ocrx_word' id='word_1_22' title='bbox 572 736 689 821; x_wconf 87' lang='lat' dir='ltr'>monui,</span> <span class='ocrx_word' id='word_1_23' title='bbox 722 736 897 803; x_wconf 89' lang='lat' dir='ltr'>Callistrati</span> <span class='ocrx_word' id='word_1_24' title='bbox 919 738 1073 802; x_wconf 92' lang='lat' dir='ltr'>memoria</span> <span class='ocrx_word' id='word_1_25' title='bbox 1096 737 1322 820; x_wconf 80' lang='lat' dir='ltr'>evanescebat,</span> <span class='ocrx_word' id='word_1_26' title='bbox 1354 741 1387 801; x_wconf 90' lang='lat' dir='ltr'>et</span> 
     </span>
     <span class='ocr_line' id='line_1_5' title="bbox 250 840 1385 926; baseline 0 -23"><span class='ocrx_word' id='word_1_27' title='bbox 250 840 466 925; x_wconf 89' lang='lat' dir='ltr'>grammatici,</span> <span class='ocrx_word' id='word_1_28' title='bbox 502 841 556 924; x_wconf 91' lang='lat' dir='ltr'>qui</span> <span class='ocrx_word' id='word_1_29' title='bbox 585 841 840 926; x_wconf 86' lang='lat' dir='ltr'>Aristophaneas</span> <span class='ocrx_word' id='word_1_30' title='bbox 870 841 1053 908; x_wconf 79' lang='lat' dir='ltr'>comoedias</span> <span class='ocrx_word' id='word_1_31' title='bbox 1083 841 1385 925; x_wconf 83' lang='lat' dir='ltr'>interpretabantur,</span> 
     </span>
     <span class='ocr_line' id='line_1_6' title="bbox 250 944 1386 1030; baseline -0.001 -21"><span class='ocrx_word' id='word_1_32' title='bbox 250 944 294 1009; x_wconf 93' lang='lat' dir='ltr'>ad</span> <span class='ocrx_word' id='word_1_33' title='bbox 309 945 556 1028; x_wconf 84' lang='lat' dir='ltr'>Aristophanem</span> <span class='ocrx_word' id='word_1_34' title='bbox 579 945 685 1010; x_wconf 88' lang='lat' dir='ltr'>omnia</span> <span class='ocrx_word' id='word_1_35' title='bbox 700 944 894 1010; x_wconf 88' lang='lat' dir='ltr'>referebant.</span> <span class='ocrx_word' id='word_1_36' title='bbox 928 946 1023 1010; x_wconf 88' lang='lat' dir='ltr'>Hanc</span> <span class='ocrx_word' id='word_1_37' title='bbox 1038 945 1220 1030; x_wconf 91' lang='lat' dir='ltr'>opinionem</span> <span class='ocrx_word' id='word_1_38' title='bbox 1233 944 1267 1008; x_wconf 94' lang='lat' dir='ltr'>in</span> <span class='ocrx_word' id='word_1_39' title='bbox 1283 944 1386 1008; x_wconf 86' lang='lat' dir='ltr'>altera</span> 
     </span>
     <span class='ocr_line' id='line_1_7' title="bbox 249 1047 1386 1134; baseline -0.002 -20"><span class='ocrx_word' id='word_1_40' title='bbox 249 1049 362 1114; x_wconf 91' lang='lat' dir='ltr'>scholii</span> <span class='ocrx_word' id='word_1_41' title='bbox 384 1057 476 1133; x_wconf 90' lang='lat' dir='ltr'>parte</span> <span class='ocrx_word' id='word_1_42' title='bbox 499 1049 660 1134; x_wconf 89' lang='lat' dir='ltr'>proditam</span> <span class='ocrx_word' id='word_1_43' title='bbox 682 1049 837 1115; x_wconf 86' lang='lat' dir='ltr'>videmus.</span> <span class='ocrx_word' id='word_1_44' title='bbox 882 1049 925 1114; x_wconf 84' lang='lat' dir='ltr'>Et</span> <span class='ocrx_word' id='word_1_45' title='bbox 947 1049 1075 1114; x_wconf 92' lang='lat' dir='ltr'>minime</span> <span class='ocrx_word' id='word_1_46' title='bbox 1098 1049 1275 1133; x_wconf 90' lang='lat' dir='ltr'>perturbor,</span> <span class='ocrx_word' id='word_1_47' title='bbox 1300 1047 1386 1131; x_wconf 92' lang='lat' dir='ltr'>quod</span> 
     </span>
     <span class='ocr_line' id='line_1_8' title="bbox 249 1151 1384 1237; baseline -0.002 -19"><span class='ocrx_word' id='word_1_48' title='bbox 249 1153 347 1218; x_wconf 91' lang='lat' dir='ltr'>schol.</span> <span class='ocrx_word' id='word_1_49' title='bbox 373 1154 479 1218; x_wconf 89' lang='lat' dir='ltr'>Clark.</span> <span class='ocrx_word' id='word_1_50' title='bbox 503 1154 584 1219; x_wconf 89' lang='lat' dir='ltr'>Plat.</span> <span class='ocrx_word' id='word_1_51' title='bbox 609 1154 702 1237; x_wconf 88' lang='lat' dir='ltr'>Apol.</span> <span class='ocrx_word' id='word_1_52' title='bbox 727 1174 803 1236; x_wconf 91' lang='lat' dir='ltr'>pag.</span> <span class='ocrx_word' id='word_1_53' title='bbox 821 1152 903 1218; x_wconf 85' lang='lat' dir='ltr'>1th</span> <span class='ocrx_word' id='word_1_54' title='bbox 926 1153 1015 1237; x_wconf 90' lang='lat' dir='ltr'>apud</span> <span class='ocrx_word' id='word_1_55' title='bbox 1037 1153 1245 1235; x_wconf 85' lang='lat' dir='ltr'>Theogenem</span> <span class='ocrx_word' id='word_1_56' title='bbox 1267 1151 1384 1234; x_wconf 76' lang='lat' dir='ltr'>legisse</span> 
     </span>
     <span class='ocr_line' id='line_1_9' title="bbox 249 1254 1384 1341; baseline -0.002 -19"><span class='ocrx_word' id='word_1_57' title='bbox 249 1277 283 1322; x_wconf 90' lang='lat' dir='ltr'>se</span> <span class='ocrx_word' id='word_1_58' title='bbox 326 1257 404 1322; x_wconf 90' lang='lat' dir='ltr'>dicit</span> <span class='ocrx_word' id='word_1_59' title='bbox 441 1256 689 1341; x_wconf 84' lang='lat' dir='ltr'>Aristophanem</span> <span class='ocrx_word' id='word_1_60' title='bbox 726 1257 873 1321; x_wconf 90' lang='lat' dir='ltr'>colonum</span> <span class='ocrx_word' id='word_1_61' title='bbox 909 1255 1050 1321; x_wconf 90' lang='lat' dir='ltr'>Atticum</span> <span class='ocrx_word' id='word_1_62' title='bbox 1088 1255 1233 1339; x_wconf 86' lang='lat' dir='ltr'>Aeginae</span> <span class='ocrx_word' id='word_1_63' title='bbox 1271 1254 1384 1320; x_wconf 83' lang='lat' dir='ltr'>fuisse:</span> 
     </span>
     <span class='ocr_line' id='line_1_10' title="bbox 249 1359 1385 1446; baseline 0.002 -24"><span class='ocrx_word' id='word_1_64' title='bbox 249 1359 463 1446; x_wconf 78' lang='grc' dir='ltr'><strong><em>κατεκλήρωσε</em></strong></span> <span class='ocrx_word' id='word_1_65' title='bbox 492 1359 776 1446; x_wconf 77' lang='grc' dir='ltr'><strong><em>(κατεκληρούχησε</em></strong></span> <span class='ocrx_word' id='word_1_66' title='bbox 805 1361 937 1444; x_wconf 67' lang='lat' dir='ltr'>Bergk,</span> <span class='ocrx_word' id='word_1_67' title='bbox 972 1360 1231 1445; x_wconf 60' lang='grc' dir='ltr'><strong><em>κατεκληρώσατο</em></strong></span> <span class='ocrx_word' id='word_1_68' title='bbox 1260 1359 1385 1424; x_wconf 83' lang='lat' dir='ltr'>Mullor-</span> 
     </span>
     <span class='ocr_line' id='line_1_11' title="bbox 248 1463 1383 1550; baseline -0.004 -20"><span class='ocrx_word' id='word_1_69' title='bbox 248 1465 367 1545; x_wconf 75' lang='lat' dir='ltr'>serub.)</span> <span class='ocrx_word' id='word_1_70' title='bbox 407 1463 443 1526; x_wconf 79' lang='grc' dir='ltr'>δὲ</span> <span class='ocrx_word' id='word_1_71' title='bbox 470 1463 522 1526; x_wconf 79' lang='grc' dir='ltr'>καὶ</span> <span class='ocrx_word' id='word_1_72' title='bbox 552 1463 609 1548; x_wconf 80' lang='grc' dir='ltr'>τὴν</span> <span class='ocrx_word' id='word_1_73' title='bbox 631 1467 786 1543; x_wconf 77' lang='grc' dir='ltr'>Αἴγιναν,</span> <span class='ocrx_word' id='word_1_74' title='bbox 814 1463 857 1538; x_wconf 78' lang='grc' dir='ltr'>ὠς</span> <span class='ocrx_word' id='word_1_75' title='bbox 884 1467 1043 1548; x_wconf 77' lang='grc' dir='ltr'><strong><em>Θεογένης</em></strong></span> <span class='ocrx_word' id='word_1_76' title='bbox 1066 1464 1165 1547; x_wconf 75' lang='grc' dir='ltr'><strong><em>φησὶν</em></strong></span> <span class='ocrx_word' id='word_1_77' title='bbox 1186 1464 1221 1528; x_wconf 77' lang='grc' dir='ltr'>ἐν</span> <span class='ocrx_word' id='word_1_78' title='bbox 1243 1467 1287 1550; x_wconf 79' lang='grc' dir='ltr'>τῷ</span> <span class='ocrx_word' id='word_1_79' title='bbox 1309 1465 1383 1550; x_wconf 78' lang='grc' dir='ltr'><strong><em>περὶ</em></strong></span> 
     </span>
     <span class='ocr_line' id='line_1_12' title="bbox 248 1567 1385 1652; baseline 0.001 -22"><span class='ocrx_word' id='word_1_80' title='bbox 248 1570 385 1651; x_wconf 76' lang='grc' dir='ltr'><strong><em>Αἰγίνης</em></strong></span> <span class='ocrx_word' id='word_1_81' title='bbox 394 1570 427 1649; x_wconf 85' lang='grc'>1).</span> <span class='ocrx_word' id='word_1_82' title='bbox 472 1567 550 1645; x_wconf 81' lang='lat' dir='ltr'>Quis</span> <span class='ocrx_word' id='word_1_83' title='bbox 579 1589 655 1634; x_wconf 88' lang='lat' dir='ltr'>vero</span> <span class='ocrx_word' id='word_1_84' title='bbox 683 1568 737 1634; x_wconf 93' lang='lat' dir='ltr'>hic</span> <span class='ocrx_word' id='word_1_85' title='bbox 765 1569 958 1652; x_wconf 86' lang='lat' dir='ltr'>Theogenes</span> <span class='ocrx_word' id='word_1_86' title='bbox 985 1575 1041 1633; x_wconf 90' lang='lat' dir='ltr'>aut</span> <span class='ocrx_word' id='word_1_87' title='bbox 1070 1589 1135 1651; x_wconf 93' lang='lat' dir='ltr'>qua</span> <span class='ocrx_word' id='word_1_88' title='bbox 1157 1574 1266 1633; x_wconf 89' lang='lat' dir='ltr'>aetate</span> <span class='ocrx_word' id='word_1_89' title='bbox 1289 1567 1385 1632; x_wconf 90' lang='lat' dir='ltr'>fuerit</span> 
     </span>
     <span class='ocr_line' id='line_1_13' title="bbox 247 1662 1384 1756; baseline -0.003 -18"><span class='ocrx_word' id='word_1_90' title='bbox 247 1693 340 1738; x_wconf 90' lang='lat' dir='ltr'>nemo</span> <span class='ocrx_word' id='word_1_91' title='bbox 375 1672 447 1755; x_wconf 84' lang='lat' dir='ltr'>scit3</span> <span class='ocrx_word' id='word_1_92' title='bbox 482 1672 677 1738; x_wconf 86' lang='lat' dir='ltr'>Fritzschius</span> <span class='ocrx_word' id='word_1_93' title='bbox 711 1673 841 1756; x_wconf 89' lang='lat' dir='ltr'>quidem</span> <span class='ocrx_word' id='word_1_94' title='bbox 874 1662 1033 1738; x_wconf 81' lang='lat' dir='ltr'>homin&#39;em</span> <span class='ocrx_word' id='word_1_95' title='bbox 1063 1672 1284 1755; x_wconf 81' lang='lat' dir='ltr'>gravissimum</span> <span class='ocrx_word' id='word_1_96' title='bbox 1313 1693 1384 1736; x_wconf 90' lang='lat' dir='ltr'>eum</span> 
     </span>
     <span class='ocr_line' id='line_1_14' title="bbox 247 1775 1384 1862; baseline -0.002 -20"><span class='ocrx_word' id='word_1_97' title='bbox 247 1778 345 1843; x_wconf 85' lang='lat' dir='ltr'>fuisse</span> <span class='ocrx_word' id='word_1_98' title='bbox 368 1777 401 1841; x_wconf 93' lang='lat' dir='ltr'>in</span> <span class='ocrx_word' id='word_1_99' title='bbox 425 1777 556 1854; x_wconf 77' lang='lat' dir='ltr'>Quaest.</span> <span class='ocrx_word' id='word_1_100' title='bbox 580 1778 675 1843; x_wconf 90' lang='lat' dir='ltr'>Arist.</span> <span class='ocrx_word' id='word_1_101' title='bbox 700 1785 774 1844; x_wconf 90' lang='lat' dir='ltr'>tom.</span> <span class='ocrx_word' id='word_1_102' title='bbox 799 1781 824 1843; x_wconf 93' lang='grc' dir='ltr'>Ι.</span> <span class='ocrx_word' id='word_1_103' title='bbox 848 1799 924 1862; x_wconf 88' lang='lat' dir='ltr'>pag.</span> <span class='ocrx_word' id='word_1_104' title='bbox 949 1779 1012 1842; x_wconf 83' lang='lat'>313</span> <span class='ocrx_word' id='word_1_105' title='bbox 1035 1784 1190 1862; x_wconf 89' lang='lat' dir='ltr'>autumat,</span> <span class='ocrx_word' id='word_1_106' title='bbox 1215 1776 1301 1860; x_wconf 91' lang='lat' dir='ltr'>quod</span> <span class='ocrx_word' id='word_1_107' title='bbox 1322 1775 1384 1860; x_wconf 83' lang='lat' dir='ltr'>pri-</span> 
     </span>
     <span class='ocr_line' id='line_1_15' title="bbox 246 1880 1384 1967; baseline -0.001 -21"><span class='ocrx_word' id='word_1_108' title='bbox 246 1889 323 1947; x_wconf 89' lang='lat' dir='ltr'>vata</span> <span class='ocrx_word' id='word_1_109' title='bbox 345 1882 432 1947; x_wconf 93' lang='lat' dir='ltr'>haud</span> <span class='ocrx_word' id='word_1_110' title='bbox 456 1882 553 1948; x_wconf 92' lang='lat' dir='ltr'>dubie</span> <span class='ocrx_word' id='word_1_111' title='bbox 576 1883 748 1949; x_wconf 85' lang='lat' dir='ltr'>traditione</span> <span class='ocrx_word' id='word_1_112' title='bbox 772 1883 910 1967; x_wconf 89' lang='lat' dir='ltr'>accepit.</span> <span class='ocrx_word' id='word_1_113' title='bbox 956 1882 999 1946; x_wconf 92' lang='lat' dir='ltr'>At</span> <span class='ocrx_word' id='word_1_114' title='bbox 1021 1881 1047 1947; x_wconf 89' lang='lat' dir='ltr'>si</span> <span class='ocrx_word' id='word_1_115' title='bbox 1069 1903 1184 1948; x_wconf 90' lang='lat' dir='ltr'>revera</span> <span class='ocrx_word' id='word_1_116' title='bbox 1206 1881 1326 1955; x_wconf 50' lang='lat' dir='ltr'>librum,</span> <span class='ocrx_word' id='word_1_117' title='bbox 1343 1880 1384 1945; x_wconf 91' lang='lat' dir='ltr'>de</span> 
     </span>
     <span class='ocr_line' id='line_1_16' title="bbox 246 1984 1385 2071; baseline -0.002 -21"><span class='ocrx_word' id='word_1_118' title='bbox 246 1986 373 2068; x_wconf 89' lang='lat' dir='ltr'>Aegina</span> <span class='ocrx_word' id='word_1_119' title='bbox 395 1985 523 2071; x_wconf 90' lang='lat' dir='ltr'>scripsit</span> <span class='ocrx_word' id='word_1_120' title='bbox 538 1986 731 2070; x_wconf 83' lang='lat' dir='ltr'>Theogenes</span> <span class='ocrx_word' id='word_1_121' title='bbox 753 1988 862 2052; x_wconf 90' lang='lat' dir='ltr'>nescio</span> <span class='ocrx_word' id='word_1_122' title='bbox 884 1986 965 2070; x_wconf 93' lang='lat' dir='ltr'>quis,</span> <span class='ocrx_word' id='word_1_123' title='bbox 989 2006 1061 2051; x_wconf 94' lang='lat' dir='ltr'>eum</span> <span class='ocrx_word' id='word_1_124' title='bbox 1076 2007 1117 2051; x_wconf 85' lang='lat' dir='ltr'>ex</span> <span class='ocrx_word' id='word_1_125' title='bbox 1132 1984 1385 2050; x_wconf 89' lang='lat' dir='ltr'>Acharnensium</span> 
     </span>
     <span class='ocr_line' id='line_1_17' title="bbox 245 2088 1385 2173; baseline -0.001 -20"><span class='ocrx_word' id='word_1_126' title='bbox 245 2088 401 2172; x_wconf 85' lang='lat' dir='ltr'>parabasi</span> <span class='ocrx_word' id='word_1_127' title='bbox 426 2109 484 2154; x_wconf 91' lang='lat' dir='ltr'>sua</span> <span class='ocrx_word' id='word_1_128' title='bbox 508 2088 548 2154; x_wconf 92' lang='lat' dir='ltr'>de</span> <span class='ocrx_word' id='word_1_129' title='bbox 571 2088 786 2173; x_wconf 86' lang='lat' dir='ltr'>Aristophane</span> <span class='ocrx_word' id='word_1_130' title='bbox 810 2097 931 2155; x_wconf 89' lang='lat' dir='ltr'>temere</span> <span class='ocrx_word' id='word_1_131' title='bbox 955 2089 1160 2172; x_wconf 84' lang='lat' dir='ltr'>colligentem</span> <span class='ocrx_word' id='word_1_132' title='bbox 1181 2089 1214 2153; x_wconf 92' lang='lat' dir='ltr'>in</span> <span class='ocrx_word' id='word_1_133' title='bbox 1236 2089 1385 2154; x_wconf 88' lang='lat' dir='ltr'>miserum</span> 
     </span>
    </p>

    <p class='ocr_par' dir='ltr' id='par_1_3' title="bbox 245 2190 865 2258">
     <span class='ocr_line' id='line_1_18' title="bbox 245 2190 865 2258; baseline 0.002 -2"><span class='ocrx_word' id='word_1_134' title='bbox 245 2211 384 2256; x_wconf 89' lang='lat' dir='ltr'>errorem</span> <span class='ocrx_word' id='word_1_135' title='bbox 405 2190 556 2257; x_wconf 89' lang='lat' dir='ltr'>incidisse</span> <span class='ocrx_word' id='word_1_136' title='bbox 579 2191 783 2258; x_wconf 83' lang='lat' dir='ltr'>manifestum</span> <span class='ocrx_word' id='word_1_137' title='bbox 806 2198 865 2258; x_wconf 91' lang='lat' dir='ltr'>est.</span> 
     </span>
    </p>
   </div>
   <div class='ocr_carea' id='block_1_3' title="bbox 242 2312 1383 4157">
    <p class='ocr_par' dir='ltr' id='par_1_4' title="bbox 242 2312 1383 4054">
     <span class='ocr_line' id='line_1_19' title="bbox 332 2312 1383 2398; baseline 0.001 -20"><span class='ocrx_word' id='word_1_138' title='bbox 332 2312 399 2378; x_wconf 82' lang='lat' dir='ltr'>Sed</span> <span class='ocrx_word' id='word_1_139' title='bbox 433 2313 614 2395; x_wconf 91' lang='lat' dir='ltr'>quaerimus</span> <span class='ocrx_word' id='word_1_140' title='bbox 652 2313 805 2396; x_wconf 92' lang='lat' dir='ltr'>quidnam</span> <span class='ocrx_word' id='word_1_141' title='bbox 837 2312 921 2378; x_wconf 92' lang='lat' dir='ltr'>haec</span> <span class='ocrx_word' id='word_1_142' title='bbox 955 2315 1154 2398; x_wconf 88' lang='lat' dir='ltr'>parabaseos</span> <span class='ocrx_word' id='word_1_143' title='bbox 1188 2313 1289 2378; x_wconf 89' lang='lat' dir='ltr'>verba</span> <span class='ocrx_word' id='word_1_144' title='bbox 1322 2313 1383 2379; x_wconf 91' lang='lat' dir='ltr'>sibi</span> 
     </span>
     <span class='ocr_line' id='line_1_20' title="bbox 246 2416 1382 2501; baseline 0 -20"><span class='ocrx_word' id='word_1_145' title='bbox 246 2416 345 2481; x_wconf 89' lang='lat' dir='ltr'>velint</span> <span class='ocrx_word' id='word_1_146' title='bbox 376 2421 408 2480; x_wconf 90' lang='lat' dir='ltr'>et</span> <span class='ocrx_word' id='word_1_147' title='bbox 439 2416 597 2498; x_wconf 90' lang='lat' dir='ltr'>quomodo</span> <span class='ocrx_word' id='word_1_148' title='bbox 626 2416 870 2500; x_wconf 87' lang='lat' dir='ltr'>interpretanda</span> <span class='ocrx_word' id='word_1_149' title='bbox 899 2417 970 2481; x_wconf 90' lang='lat' dir='ltr'>sint.</span> <span class='ocrx_word' id='word_1_150' title='bbox 1017 2417 1101 2494; x_wconf 78' lang='lat' dir='ltr'>Quid</span> <span class='ocrx_word' id='word_1_151' title='bbox 1123 2423 1221 2501; x_wconf 89' lang='lat' dir='ltr'>poeta</span> <span class='ocrx_word' id='word_1_152' title='bbox 1244 2417 1382 2500; x_wconf 84' lang='lat' dir='ltr'>studeat,</span> 
     </span>
     <span class='ocr_line' id='line_1_21' title="bbox 245 2514 1383 2603; baseline 0.001 -19"><span class='ocrx_word' id='word_1_153' title='bbox 245 2519 449 2603; x_wconf 90' lang='lat' dir='ltr'>perspicuum</span> <span class='ocrx_word' id='word_1_154' title='bbox 472 2514 542 2584; x_wconf 87' lang='lat' dir='ltr'>esse</span> <span class='ocrx_word' id='word_1_155' title='bbox 565 2519 642 2584; x_wconf 90' lang='lat' dir='ltr'>mihi</span> <span class='ocrx_word' id='word_1_156' title='bbox 665 2520 808 2586; x_wconf 87' lang='lat' dir='ltr'>videtur:</span> <span class='ocrx_word' id='word_1_157' title='bbox 831 2520 903 2585; x_wconf 92' lang='lat' dir='ltr'>ioco</span> <span class='ocrx_word' id='word_1_158' title='bbox 919 2520 1110 2602; x_wconf 86' lang='lat' dir='ltr'>facetiisque</span> <span class='ocrx_word' id='word_1_159' title='bbox 1127 2519 1250 2586; x_wconf 91' lang='lat' dir='ltr'>animos</span> <span class='ocrx_word' id='word_1_160' title='bbox 1267 2521 1383 2586; x_wconf 89' lang='lat' dir='ltr'>civium</span> 
     </span>
     <span class='ocr_line' id='line_1_22' title="bbox 244 2623 1382 2708; baseline 0 -20"><span class='ocrx_word' id='word_1_161' title='bbox 244 2623 306 2688; x_wconf 89' lang='lat' dir='ltr'>sibi</span> <span class='ocrx_word' id='word_1_162' title='bbox 340 2623 494 2706; x_wconf 89' lang='lat' dir='ltr'>propitios</span> <span class='ocrx_word' id='word_1_163' title='bbox 526 2623 664 2689; x_wconf 87' lang='lat' dir='ltr'>reddere</span> <span class='ocrx_word' id='word_1_164' title='bbox 695 2624 791 2708; x_wconf 90' lang='lat' dir='ltr'>cupit.</span> <span class='ocrx_word' id='word_1_165' title='bbox 843 2625 927 2692; x_wconf 89' lang='lat' dir='ltr'>Nam</span> <span class='ocrx_word' id='word_1_166' title='bbox 956 2644 1027 2689; x_wconf 91' lang='lat' dir='ltr'>cum</span> <span class='ocrx_word' id='word_1_167' title='bbox 1051 2625 1178 2691; x_wconf 79' lang='lat' dir='ltr'>Cleonis</span> <span class='ocrx_word' id='word_1_168' title='bbox 1205 2624 1327 2690; x_wconf 89' lang='lat' dir='ltr'>iniuriis</span> <span class='ocrx_word' id='word_1_169' title='bbox 1349 2625 1382 2689; x_wconf 95' lang='lat' dir='ltr'>in</span> 
     </span>
     <span class='ocr_line' id='line_1_23' title="bbox 246 2726 1380 2813; baseline 0 -21"><span class='ocrx_word' id='word_1_170' title='bbox 246 2726 362 2810; x_wconf 91' lang='lat' dir='ltr'>capitis</span> <span class='ocrx_word' id='word_1_171' title='bbox 384 2727 526 2810; x_wconf 91' lang='lat' dir='ltr'>periculo</span> <span class='ocrx_word' id='word_1_172' title='bbox 550 2733 696 2793; x_wconf 88' lang='lat' dir='ltr'>versatus</span> <span class='ocrx_word' id='word_1_173' title='bbox 721 2735 816 2812; x_wconf 87' lang='lat' dir='ltr'>esset,</span> <span class='ocrx_word' id='word_1_174' title='bbox 839 2727 1088 2793; x_wconf 89' lang='lat' dir='ltr'>Atheniensibus</span> <span class='ocrx_word' id='word_1_175' title='bbox 1111 2729 1248 2813; x_wconf 88' lang='lat' dir='ltr'>probare</span> <span class='ocrx_word' id='word_1_176' title='bbox 1264 2728 1380 2812; x_wconf 89' lang='lat' dir='ltr'>studet,</span> 
     </span>
     <span class='ocr_line' id='line_1_24' title="bbox 246 2829 1381 2915; baseline 0.002 -21"><span class='ocrx_word' id='word_1_177' title='bbox 246 2850 342 2912; x_wconf 89' lang='lat' dir='ltr'>quam</span> <span class='ocrx_word' id='word_1_178' title='bbox 363 2831 447 2896; x_wconf 89' lang='lat' dir='ltr'>male</span> <span class='ocrx_word' id='word_1_179' title='bbox 471 2829 531 2896; x_wconf 90' lang='lat' dir='ltr'>sibi</span> <span class='ocrx_word' id='word_1_180' title='bbox 554 2829 616 2914; x_wconf 90' lang='lat' dir='ltr'>ipsi</span> <span class='ocrx_word' id='word_1_181' title='bbox 640 2831 817 2915; x_wconf 89' lang='lat' dir='ltr'>consulant,</span> <span class='ocrx_word' id='word_1_182' title='bbox 841 2831 869 2896; x_wconf 93' lang='lat' dir='ltr'>si</span> <span class='ocrx_word' id='word_1_183' title='bbox 891 2837 1022 2915; x_wconf 91' lang='lat' dir='ltr'>poetam</span> <span class='ocrx_word' id='word_1_184' title='bbox 1045 2831 1263 2915; x_wconf 90' lang='lat' dir='ltr'>clarissimum,</span> <span class='ocrx_word' id='word_1_185' title='bbox 1293 2832 1381 2896; x_wconf 87' lang='lat' dir='ltr'>euius</span> 
     </span>
     <span class='ocr_line' id='line_1_25' title="bbox 245 2934 1381 3018; baseline 0.001 -20"><span class='ocrx_word' id='word_1_186' title='bbox 245 2934 333 3000; x_wconf 85' lang='lat' dir='ltr'>fama</span> <span class='ocrx_word' id='word_1_187' title='bbox 355 2935 420 3000; x_wconf 92' lang='lat' dir='ltr'>iam</span> <span class='ocrx_word' id='word_1_188' title='bbox 443 2935 486 3000; x_wconf 93' lang='lat' dir='ltr'>ad</span> <span class='ocrx_word' id='word_1_189' title='bbox 508 2955 619 3018; x_wconf 91' lang='lat' dir='ltr'>regem</span> <span class='ocrx_word' id='word_1_190' title='bbox 633 2935 804 3000; x_wconf 89' lang='lat' dir='ltr'>Persarum</span> <span class='ocrx_word' id='word_1_191' title='bbox 820 2934 1012 3018; x_wconf 88' lang='lat' dir='ltr'>pervenerit,</span> <span class='ocrx_word' id='word_1_192' title='bbox 1036 2934 1228 2999; x_wconf 88' lang='lat' dir='ltr'>auctoritate</span> <span class='ocrx_word' id='word_1_193' title='bbox 1244 2954 1381 2999; x_wconf 86' lang='lat' dir='ltr'>sunnon</span> 
     </span>
     <span class='ocr_line' id='line_1_26' title="bbox 245 3037 1381 3122; baseline 0.001 -20"><span class='ocrx_word' id='word_1_194' title='bbox 245 3041 416 3104; x_wconf 66' lang='lat' dir='ltr'>tueantur</span> <span class='ocrx_word' id='word_1_195' title='bbox 438 3041 552 3120; x_wconf 89' lang='lat' dir='ltr'>Itaque</span> <span class='ocrx_word' id='word_1_196' title='bbox 576 3045 661 3104; x_wconf 89' lang='lat' dir='ltr'>totus</span> <span class='ocrx_word' id='word_1_197' title='bbox 683 3037 736 3103; x_wconf 93' lang='lat' dir='ltr'>hic</span> <span class='ocrx_word' id='word_1_198' title='bbox 751 3039 951 3122; x_wconf 89' lang='lat' dir='ltr'>parabaseos</span> <span class='ocrx_word' id='word_1_199' title='bbox 966 3038 1064 3121; x_wconf 74' lang='lat' dir='ltr'>locus</span> <span class='ocrx_word' id='word_1_200' title='bbox 1089 3043 1123 3102; x_wconf 90' lang='lat' dir='ltr'>ut</span> <span class='ocrx_word' id='word_1_201' title='bbox 1139 3038 1381 3122; x_wconf 77' lang='lat' dir='ltr'>apertisuerbis</span> 
     </span>
     <span class='ocr_line' id='line_1_27' title="bbox 245 3141 1380 3226; baseline -0.001 -20"><span class='ocrx_word' id='word_1_202' title='bbox 245 3141 360 3226; x_wconf 91' lang='lat' dir='ltr'>dicam,</span> <span class='ocrx_word' id='word_1_203' title='bbox 384 3142 507 3208; x_wconf 90' lang='lat' dir='ltr'>lasciva</span> <span class='ocrx_word' id='word_1_204' title='bbox 530 3147 579 3207; x_wconf 88' lang='lat' dir='ltr'>est</span> <span class='ocrx_word' id='word_1_205' title='bbox 602 3148 634 3207; x_wconf 90' lang='lat' dir='ltr'>et</span> <span class='ocrx_word' id='word_1_206' title='bbox 656 3141 829 3226; x_wconf 90' lang='lat' dir='ltr'>perspicua</span> <span class='ocrx_word' id='word_1_207' title='bbox 850 3141 994 3226; x_wconf 82' lang='lat' dir='ltr'>captatio</span> <span class='ocrx_word' id='word_1_208' title='bbox 1010 3142 1255 3207; x_wconf 90' lang='lat' dir='ltr'>benevolentiae</span> <span class='ocrx_word' id='word_1_209' title='bbox 1271 3142 1380 3226; x_wconf 90' lang='lat' dir='ltr'>populi</span> 
     </span>
     <span class='ocr_line' id='line_1_28' title="bbox 244 3244 1380 3329; baseline 0 -19"><span class='ocrx_word' id='word_1_210' title='bbox 244 3244 463 3329; x_wconf 87' lang='lat' dir='ltr'>Atheniensis,</span> <span class='ocrx_word' id='word_1_211' title='bbox 499 3245 588 3310; x_wconf 91' lang='lat' dir='ltr'>cuius</span> <span class='ocrx_word' id='word_1_212' title='bbox 622 3245 775 3310; x_wconf 84' lang='lat' dir='ltr'>auxilium</span> <span class='ocrx_word' id='word_1_213' title='bbox 808 3251 907 3328; x_wconf 89' lang='lat' dir='ltr'>poeta</span> <span class='ocrx_word' id='word_1_214' title='bbox 941 3250 1053 3310; x_wconf 91' lang='lat' dir='ltr'>contra</span> <span class='ocrx_word' id='word_1_215' title='bbox 1086 3244 1213 3310; x_wconf 85' lang='lat' dir='ltr'>Cleonis</span> <span class='ocrx_word' id='word_1_216' title='bbox 1245 3244 1380 3311; x_wconf 85' lang='lat' dir='ltr'>infestas</span> 
     </span>
     <span class='ocr_line' id='line_1_29' title="bbox 243 3348 1381 3433; baseline 0.002 -21"><span class='ocrx_word' id='word_1_217' title='bbox 243 3348 506 3432; x_wconf 88' lang='lat' dir='ltr'>machinationes,</span> <span class='ocrx_word' id='word_1_218' title='bbox 541 3348 568 3413; x_wconf 90' lang='lat' dir='ltr'>si</span> <span class='ocrx_word' id='word_1_219' title='bbox 602 3367 682 3430; x_wconf 93' lang='lat' dir='ltr'>quas</span> <span class='ocrx_word' id='word_1_220' title='bbox 713 3348 817 3413; x_wconf 88' lang='lat' dir='ltr'>denuo</span> <span class='ocrx_word' id='word_1_221' title='bbox 848 3354 1018 3432; x_wconf 90' lang='lat' dir='ltr'>paraturus</span> <span class='ocrx_word' id='word_1_222' title='bbox 1040 3348 1091 3432; x_wconf 90' lang='lat' dir='ltr'>sit,</span> <span class='ocrx_word' id='word_1_223' title='bbox 1125 3348 1284 3433; x_wconf 90' lang='lat' dir='ltr'>implorat,</span> <span class='ocrx_word' id='word_1_224' title='bbox 1317 3371 1381 3414; x_wconf 93' lang='lat' dir='ltr'>non</span> 
     </span>
     <span class='ocr_line' id='line_1_30' title="bbox 242 3451 1380 3537; baseline 0.002 -21"><span class='ocrx_word' id='word_1_225' title='bbox 242 3453 352 3535; x_wconf 91' lang='lat' dir='ltr'>palam</span> <span class='ocrx_word' id='word_1_226' title='bbox 381 3451 510 3533; x_wconf 92' lang='lat' dir='ltr'>quidem</span> <span class='ocrx_word' id='word_1_227' title='bbox 538 3457 572 3516; x_wconf 92' lang='lat' dir='ltr'>et</span> <span class='ocrx_word' id='word_1_228' title='bbox 599 3458 722 3535; x_wconf 90' lang='lat' dir='ltr'>aperte,</span> <span class='ocrx_word' id='word_1_229' title='bbox 757 3451 816 3516; x_wconf 90' lang='lat' dir='ltr'>sed</span> <span class='ocrx_word' id='word_1_230' title='bbox 847 3452 930 3516; x_wconf 88' lang='lat' dir='ltr'>clam</span> <span class='ocrx_word' id='word_1_231' title='bbox 958 3458 991 3516; x_wconf 89' lang='lat' dir='ltr'>et</span> <span class='ocrx_word' id='word_1_232' title='bbox 1013 3451 1092 3516; x_wconf 90' lang='lat' dir='ltr'>satis</span> <span class='ocrx_word' id='word_1_233' title='bbox 1115 3457 1210 3537; x_wconf 91' lang='lat' dir='ltr'>tecte,</span> <span class='ocrx_word' id='word_1_234' title='bbox 1239 3452 1380 3536; x_wconf 86' lang='lat' dir='ltr'>imagine</span> 
     </span>
     <span class='ocr_line' id='line_1_31' title="bbox 243 3553 1381 3640; baseline 0.001 -19"><span class='ocrx_word' id='word_1_235' title='bbox 243 3576 318 3621; x_wconf 90' lang='lat' dir='ltr'>usus</span> <span class='ocrx_word' id='word_1_236' title='bbox 340 3555 486 3638; x_wconf 89' lang='lat' dir='ltr'>Aeginae</span> <span class='ocrx_word' id='word_1_237' title='bbox 510 3561 543 3620; x_wconf 91' lang='lat' dir='ltr'>et</span> <span class='ocrx_word' id='word_1_238' title='bbox 564 3553 905 3620; x_wconf 89' lang='lat' dir='ltr'>Lacedaemoniorum.</span> <span class='ocrx_word' id='word_1_239' title='bbox 949 3556 1033 3622; x_wconf 87' lang='lat' dir='ltr'>Nam</span> <span class='ocrx_word' id='word_1_240' title='bbox 1059 3554 1128 3621; x_wconf 90' lang='lat' dir='ltr'>sive</span> <span class='ocrx_word' id='word_1_241' title='bbox 1151 3554 1200 3621; x_wconf 91' lang='lat' dir='ltr'>his</span> <span class='ocrx_word' id='word_1_242' title='bbox 1222 3555 1381 3640; x_wconf 91' lang='lat' dir='ltr'>insignem</span> 
     </span>
     <span class='ocr_line' id='line_1_32' title="bbox 244 3658 1381 3745; baseline 0.002 -21"><span class='ocrx_word' id='word_1_243' title='bbox 244 3665 374 3744; x_wconf 88' lang='lat' dir='ltr'>poetam</span> <span class='ocrx_word' id='word_1_244' title='bbox 398 3659 485 3724; x_wconf 87' lang='lat' dir='ltr'>cives</span> <span class='ocrx_word' id='word_1_245' title='bbox 507 3659 694 3742; x_wconf 90' lang='lat' dir='ltr'>permittunt</span> <span class='ocrx_word' id='word_1_246' title='bbox 715 3658 783 3724; x_wconf 84' lang='lat' dir='ltr'>sive</span> <span class='ocrx_word' id='word_1_247' title='bbox 800 3659 929 3724; x_wconf 81' lang='lat' dir='ltr'>Cleonis</span> <span class='ocrx_word' id='word_1_248' title='bbox 952 3658 1025 3724; x_wconf 92' lang='lat' dir='ltr'>odio</span> <span class='ocrx_word' id='word_1_249' title='bbox 1050 3660 1241 3745; x_wconf 89' lang='lat' dir='ltr'>condonant,</span> <span class='ocrx_word' id='word_1_250' title='bbox 1265 3661 1381 3726; x_wconf 91' lang='lat' dir='ltr'>eadem</span> 
     </span>
     <span class='ocr_line' id='line_1_33' title="bbox 243 3761 1381 3847; baseline 0.001 -20"><span class='ocrx_word' id='word_1_251' title='bbox 243 3785 295 3828; x_wconf 91' lang='lat' dir='ltr'>res</span> <span class='ocrx_word' id='word_1_252' title='bbox 329 3769 392 3829; x_wconf 90' lang='lat' dir='ltr'>est:</span> <span class='ocrx_word' id='word_1_253' title='bbox 429 3763 513 3827; x_wconf 93' lang='lat' dir='ltr'>male</span> <span class='ocrx_word' id='word_1_254' title='bbox 546 3761 607 3827; x_wconf 93' lang='lat' dir='ltr'>sibi</span> <span class='ocrx_word' id='word_1_255' title='bbox 640 3761 839 3846; x_wconf 90' lang='lat' dir='ltr'>prospiciunt</span> <span class='ocrx_word' id='word_1_256' title='bbox 873 3783 944 3828; x_wconf 90' lang='lat' dir='ltr'>eum</span> <span class='ocrx_word' id='word_1_257' title='bbox 979 3763 1174 3847; x_wconf 88' lang='lat' dir='ltr'>deserentes,</span> <span class='ocrx_word' id='word_1_258' title='bbox 1210 3763 1260 3829; x_wconf 93' lang='lat' dir='ltr'>cui</span> <span class='ocrx_word' id='word_1_259' title='bbox 1293 3765 1381 3829; x_wconf 90' lang='lat' dir='ltr'>salus</span> 
     </span>
     <span class='ocr_line' id='line_1_34' title="bbox 245 3865 1380 3950; baseline 0.002 -19"><span class='ocrx_word' id='word_1_260' title='bbox 245 3867 361 3932; x_wconf 85' lang='lat' dir='ltr'>civium</span> <span class='ocrx_word' id='word_1_261' title='bbox 389 3865 528 3931; x_wconf 91' lang='lat' dir='ltr'>omnium</span> <span class='ocrx_word' id='word_1_262' title='bbox 555 3865 693 3930; x_wconf 82' lang='lat' dir='ltr'>maxime</span> <span class='ocrx_word' id='word_1_263' title='bbox 722 3886 818 3931; x_wconf 90' lang='lat' dir='ltr'>curae</span> <span class='ocrx_word' id='word_1_264' title='bbox 847 3872 910 3931; x_wconf 90' lang='lat' dir='ltr'>est:</span> <span class='ocrx_word' id='word_1_265' title='bbox 945 3865 1007 3930; x_wconf 92' lang='lat' dir='ltr'>hoc</span> <span class='ocrx_word' id='word_1_266' title='bbox 1033 3865 1161 3930; x_wconf 91' lang='lat' dir='ltr'>tertium</span> <span class='ocrx_word' id='word_1_267' title='bbox 1189 3873 1246 3950; x_wconf 90' lang='lat' dir='ltr'>est,</span> <span class='ocrx_word' id='word_1_268' title='bbox 1276 3874 1312 3933; x_wconf 93' lang='lat' dir='ltr'>ut</span> <span class='ocrx_word' id='word_1_269' title='bbox 1333 3867 1380 3933; x_wconf 89' lang='lat' dir='ltr'>ita</span> 
     </span>
     <span class='ocr_line' id='line_1_35' title="bbox 244 3968 980 4054; baseline 0 -21"><span class='ocrx_word' id='word_1_270' title='bbox 244 3968 359 4053; x_wconf 89' lang='lat' dir='ltr'>dicam,</span> <span class='ocrx_word' id='word_1_271' title='bbox 384 3968 641 4054; x_wconf 88' lang='lat' dir='ltr'>comparationis.</span> <span class='ocrx_word' id='word_1_272' title='bbox 687 3969 825 4034; x_wconf 88' lang='lat' dir='ltr'>Proinde</span> <span class='ocrx_word' id='word_1_273' title='bbox 848 3975 980 4054; x_wconf 91' lang='lat' dir='ltr'>poetam</span> 
     </span>
    </p>

    <p class='ocr_par' dir='ltr' id='par_1_5' title="bbox 336 4069 1288 4157">
     <span class='ocr_line' id='line_1_36' title="bbox 336 4069 1288 4157; baseline 0 -22"><span class='ocrx_word' id='word_1_274' title='bbox 336 4071 423 4154; x_wconf 77' lang='grc' dir='ltr'><strong><em>ὑμεῖς</em></strong></span> <span class='ocrx_word' id='word_1_275' title='bbox 445 4094 495 4135; x_wconf 82' lang='grc' dir='ltr'>τοι</span> <span class='ocrx_word' id='word_1_276' title='bbox 517 4071 560 4156; x_wconf 82' lang='grc' dir='ltr'>μή</span> <span class='ocrx_word' id='word_1_277' title='bbox 583 4070 660 4134; x_wconf 63' lang='grc' dir='ltr'>ποτ’</span> <span class='ocrx_word' id='word_1_278' title='bbox 684 4071 806 4156; x_wconf 67' lang='grc' dir='ltr'>ἀφῆθ”·</span> <span class='ocrx_word' id='word_1_279' title='bbox 830 4071 874 4145; x_wconf 79' lang='grc' dir='ltr'>ὥς</span> <span class='ocrx_word' id='word_1_280' title='bbox 895 4070 1083 4157; x_wconf 78' lang='grc' dir='ltr'><strong><em>κωμῳδήσει</em></strong></span> <span class='ocrx_word' id='word_1_281' title='bbox 1106 4069 1146 4133; x_wconf 77' lang='grc' dir='ltr'>τὰ</span> <span class='ocrx_word' id='word_1_282' title='bbox 1169 4071 1288 4135; x_wconf 83' lang='grc' dir='ltr'><strong><em>δίκαια.</em></strong></span> 
     </span>
    </p>
   </div>
   <div class='ocr_carea' id='block_1_4' title="bbox 315 4311 1477 4384">
    <p class='ocr_par' dir='ltr' id='par_1_6' title="bbox 315 4311 1477 4384">
     <span class='ocr_line' id='line_1_37' title="bbox 315 4311 1477 4384; baseline 0.001 -17"><span class='ocrx_word' id='word_1_283' title='bbox 315 4314 333 4381; x_wconf 85' lang='lat'>¹)</span> <span class='ocrx_word' id='word_1_284' title='bbox 353 4311 439 4367; x_wconf 85' lang='lat' dir='ltr'>Sumo</span> <span class='ocrx_word' id='word_1_285' title='bbox 460 4313 574 4383; x_wconf 90' lang='lat' dir='ltr'>quidem</span> <span class='ocrx_word' id='word_1_286' title='bbox 592 4314 677 4382; x_wconf 90' lang='lat' dir='ltr'>hane,</span> <span class='ocrx_word' id='word_1_287' title='bbox 699 4331 784 4384; x_wconf 91' lang='lat' dir='ltr'>quam</span> <span class='ocrx_word' id='word_1_288' title='bbox 803 4313 931 4382; x_wconf 83' lang='lat' dir='ltr'>diximus,</span> <span class='ocrx_word' id='word_1_289' title='bbox 950 4313 1008 4368; x_wconf 92' lang='lat' dir='ltr'>loci</span> <span class='ocrx_word' id='word_1_290' title='bbox 1026 4313 1200 4369; x_wconf 87' lang='lat' dir='ltr'>sententiam</span> <span class='ocrx_word' id='word_1_291' title='bbox 1219 4331 1295 4383; x_wconf 80' lang='lat' dir='ltr'>esse3</span> <span class='ocrx_word' id='word_1_292' title='bbox 1312 4331 1379 4368; x_wconf 87' lang='lat' dir='ltr'>nam</span> <span class='ocrx_word' id='word_1_293' title='bbox 1468 4366 1477 4380; x_wconf 78' lang='lat'>,</span> 
     </span>
    </p>
   </div>
   <div class='ocr_carea' id='block_1_5' title="bbox 242 4399 1379 4555">
    <p class='ocr_par' dir='ltr' id='par_1_7' title="bbox 242 4399 1379 4555">
     <span class='ocr_line' id='line_1_38' title="bbox 242 4399 1379 4470; baseline 0.002 -18"><span class='ocrx_word' id='word_1_294' title='bbox 242 4399 351 4455; x_wconf 90' lang='lat' dir='ltr'>locutio</span> <span class='ocrx_word' id='word_1_295' title='bbox 371 4399 435 4452; x_wconf 86' lang='lat' dir='ltr'>illa:</span> <span class='ocrx_word' id='word_1_296' title='bbox 453 4400 634 4468; x_wconf 74' lang='grc' dir='ltr'><strong><em>κατεκλήρωσε</em></strong></span> <span class='ocrx_word' id='word_1_297' title='bbox 653 4400 682 4453; x_wconf 78' lang='grc' dir='ltr'>δὲ</span> <span class='ocrx_word' id='word_1_298' title='bbox 701 4404 744 4453; x_wconf 78' lang='grc' dir='ltr'>καὶ</span> <span class='ocrx_word' id='word_1_299' title='bbox 763 4402 813 4464; x_wconf 69' lang='grc' dir='ltr'>τήν</span> <span class='ocrx_word' id='word_1_300' title='bbox 829 4405 943 4470; x_wconf 77' lang='grc' dir='ltr'>Αἴγιναν</span> <span class='ocrx_word' id='word_1_301' title='bbox 959 4400 1148 4455; x_wconf 88' lang='lat' dir='ltr'>balbutientis</span> <span class='ocrx_word' id='word_1_302' title='bbox 1167 4407 1219 4470; x_wconf 91' lang='lat' dir='ltr'>est,</span> <span class='ocrx_word' id='word_1_303' title='bbox 1237 4401 1291 4456; x_wconf 89' lang='lat' dir='ltr'>nisi</span> <span class='ocrx_word' id='word_1_304' title='bbox 1303 4400 1379 4456; x_wconf 88' lang='lat' dir='ltr'>forte</span> 
     </span>
     <span class='ocr_line' id='line_1_39' title="bbox 244 4483 1116 4555; baseline 0.001 -15"><span class='ocrx_word' id='word_1_305' title='bbox 244 4485 425 4555; x_wconf 90' lang='lat' dir='ltr'>compilatori</span> <span class='ocrx_word' id='word_1_306' title='bbox 445 4490 494 4538; x_wconf 90' lang='lat' dir='ltr'>aut</span> <span class='ocrx_word' id='word_1_307' title='bbox 512 4483 630 4538; x_wconf 90' lang='lat' dir='ltr'>librario</span> <span class='ocrx_word' id='word_1_308' title='bbox 650 4487 737 4540; x_wconf 90' lang='lat' dir='ltr'>alicui</span> <span class='ocrx_word' id='word_1_309' title='bbox 755 4487 841 4555; x_wconf 84' lang='lat' dir='ltr'>culpa</span> <span class='ocrx_word' id='word_1_310' title='bbox 860 4486 1045 4541; x_wconf 87' lang='lat' dir='ltr'>attribuenda</span> <span class='ocrx_word' id='word_1_311' title='bbox 1063 4492 1116 4541; x_wconf 86' lang='lat' dir='ltr'>est.</span> 
     </span>
    </p>
   </div>
   <div class='ocr_carea' id='block_1_6' title="bbox 0 0 1588 4992">
    <p class='ocr_par' dir='ltr' id='par_1_8' title="bbox 0 0 1588 4992">
     <span class='ocr_line' id='line_1_40' title="bbox 0 0 1588 4992; baseline 0 2"><span class='ocrx_word' id='word_1_312' title='bbox 0 0 1588 4992; x_wconf 95' lang='lat' dir='ltr'> </span> 
     </span>
    </p>
   </div>
  </div>
 </body>
</html>
