3167 4992
693 329 906 392 ..42-

237 516 343 582 omnia
370 539 392 583 a
421 516 594 584 comoediis
617 524 784 602 poetarum
811 514 1006 584 aemulorum
1028 517 1185 601 originem
1207 519 1370 609 traxerint.

237 620 361 686 Posteri
395 641 486 705 vcro,
521 641 586 704 qua
623 626 716 687 crant
748 621 883 687 levitate
916 628 949 688 ct
980 621 1163 688 temeritate
1196 620 1371 707 iudicandi,
1404 688 1409 694 .

237 724 336 789 talem
364 744 512 790 caussam
541 745 561 790 a
584 724 704 790 Cleone
728 745 844 790 revera
865 724 1021 791 intentam
1044 744 1115 790 esse
1138 723 1206 791 sine
1229 725 1295 790 ulla
1317 726 1373 792 du·
1420 732 1424 736 ’

238 826 393 893 bitatione
424 827 638 894 erediderunt.
690 827 797 911 Atque
826 828 927 913 ipsius
953 830 1070 913 poetae
1101 828 1293 894 auctoritate
1315 827 1372 894 nit'

238 949 273 995 se
300 950 395 1014 posse
423 931 561 998 fortasse
592 931 740 997 arbitrati
769 938 852 1016 sunt,
881 953 953 998 cum
974 932 1072 1016 Vesp.
1099 952 1145 998 vs.
1171 933 1233 998 718
1254 932 1374 998 Aristo-

237 1033 378 1117 phanem
400 1035 443 1101 ad
466 1055 500 1101 se
520 1035 624 1119 ipsum
639 1035 784 1102 allusisse
800 1040 965 1120 putarent3
989 1041 1062 1101 sunt
1076 1041 1185 1101 autem
1200 1035 1233 1100 hi
1248 1056 1373 1103 versus:

374 1137 463 1210 ,ἀλλ’
484 1138 612 1203 ὁπόταν
625 1138 685 1221 μὲν
700 1138 830 1202 δείσωσ’
845 1139 939 1203 αὐτοί
960 1144 1017 1222 (sc.
1035 1136 1067 1202 ci
1081 1137 1296 1223 δημαγωγοί),
1320 1141 1375 1225 την

1057 1243 1202 1324 Εὔβοιαν
1225 1242 1377 1308 διδόασιν

392 1345 469 1428 ὑμῖν
491 1345 543 1408 καὶ
567 1356 658 1411 σῖτον
677 1345 872 1432 ὑφίστανται
886 1346 969 1408 κατὰ
983 1345 1184 1431 πεντήκοντα
1198 1346 1376 1430 μεδίμνους

396 1459 535 1535 ποριεῖν·
561 1448 680 1515 ἔδοσαν
703 1449 734 1513 δ’
758 1447 937 1514 οὐπώποτέ
959 1465 1022 1525 σοι,
1047 1449 1133 1535 πλην
1154 1450 1268 1536 πρώην
1283 1454 1378 1516 πέντε

1065 1552 1257 1636 μεδίμνους

396 1655 449 1718 καὶ
485 1659 588 1721 ταῦτα
628 1656 740 1740 μόλις
777 1659 909 1734 ξενίας
945 1656 1104 1740 φεύγων
1147 1656 1258 1740 ἔλαβες
1294 1639 1403 1723 κατα

1069 1763 1208 1841 χοίνικα,
1241 1757 1377 1850 κριθῶν.

327 1870 369 1936 Et
392 1873 446 1954 qui
461 1873 593 1940 tandem
609 1893 725 1940 caussa
740 1873 813 1958 ipsa
828 1878 905 1939 acta
919 1892 991 1938 csso
1007 1871 1129 1938 fertur?
1150 1873 1379 1960 Ἀπολυθῆναι

243 1971 279 2035 st
316 1975 435 2053 αυτόν,
472 1978 568 2045 Vitae
601 1978 737 2063 scriptor
769 1977 886 2062 inquit,
920 1976 1058 2041 εἰπόντα
1090 1977 1223 2052 ἀστείως
1254 1978 1289 2041 ἐκ
1320 1984 1380 2044 τοῦ

240 2074 379 2166 Ὁμήρου
402 2083 517 2146 ταῦτα·
557 2086 569 2094 “
910 2086 913 2091 ’

349 2183 450 2272 μήτηρ
473 2188 532 2268 μέν
553 2188 587 2249 τέ
608 2187 649 2268 μέ
670 2199 749 2269 φησι
771 2188 830 2249 τοῦ
852 2185 998 2268 ἔμμεναι,
1026 2183 1129 2270 αὐτὰρ
1152 2185 1251 2265 ἔγωγε

351 2287 411 2350 οὐκ
433 2287 512 2352 οἶδ’·
537 2289 576 2353 οι)
598 2287 660 2374 γάρ
683 2287 737 2352 ποί
760 2311 809 2362 τις
829 2286 885 2352 ἑὸν
907 2288 1007 2368 γόνον
1027 2288 1126 2362 αὐτὸς
1147 2289 1280 2368 ἀνέγνω.

245 2389 394 2476 δεύτερον
428 2389 464 2454 δὲ
496 2392 549 2455 καί
583 2396 690 2479 τρίτον
724 2392 985 2477 συκοφαντηθείς
1013 2392 1177 2477 ἀπέφυγε,
1210 2392 1264 2454 καί
1296 2395 1381 2458 οὕτω

245 2496 384 2581 φανερὸς
407 2496 622 2570 κατασταθείς
645 2495 780 2580 πολίτης
803 2495 1012 2580 κατεκράτησε
1034 2500 1094 2560 τοῦ
1107 2495 1263 2570 Κλέωνος.
1296 2497 1381 2563 Iocis

244 2597 341 2682 igitur
364 2605 398 2665 et
419 2599 547 2664 facetiis
570 2599 747 2684 periculum
769 2599 906 2683 cffugit?
942 2602 980 2665 In
1003 2606 1069 2665 tarn
1092 2598 1185 2682 gravi
1208 2620 1325 2666 caussa
1342 2640 1379 2648 —

243 2723 318 2768 nam
352 2702 379 2769 si
412 2723 527 2769 revera
561 2709 732 2770 accusatus
767 2710 826 2788 est,
856 2723 924 2768 rcm
952 2702 1255 2788 periculosissimam
1283 2704 1382 2771 fuisse

244 2807 357 2890 negari
391 2827 454 2872 non
486 2812 594 2892 potest
621 2843 663 2856 -
692 2812 824 2892 poetam
854 2807 902 2873 sic
922 2827 969 2890 se
1004 2805 1144 2890 gessisse
1173 2807 1382 2892 putabimus?

244 2911 343 2994 Atqui
369 2911 640 2977 narratiunculam
669 2911 753 2978 hano
784 2931 856 2977 esse
878 2910 1045 2994 ingeniose
1068 2918 1101 2977 et
1122 2910 1231 2978 facctc
1254 2912 1383 2996 excogi-

245 3023 347 3082 tatam
369 3015 434 3082 iam
456 3016 540 3082 bene
562 3015 721 3081 intellexit
735 3015 936 3098 Dindorfius3
960 3021 995 3080 at
1013 3035 1054 3080 ne
1069 3015 1237 3098 ingeniose
1253 3016 1383 3098 quidem

245 3120 329 3186 haec
358 3118 481 3186 fabella
507 3121 640 3186 inventa
668 3125 726 3204 est,
758 3140 831 3185 cum
853 3119 897 3184 ad
919 3117 1159 3202 peregrinitatis
1182 3119 1302 3185 crimen
1324 3120 1382 3184 hos

246 3244 357 3290 versus
386 3224 572 3290 Homericos
600 3228 635 3306 (a
658 3225 721 3290 215
743 3226 805 3305 sq.)
835 3243 899 3287 non
934 3221 1094 3303 quadrare
1127 3242 1221 3287 nemo
1248 3229 1298 3287 est
1327 3221 1381 3304 qui

245 3349 309 3394 non
332 3328 501 3412 intelligat,
531 3328 590 3392 sed
618 3327 729 3411 potius.
747 3326 791 3392 ad
815 3343 964 3392 caussam
985 3325 1213 3410 suppositionis
1241 3325 1382 3419 (γραφὴν

245 3430 433 3516 ὑποβολῆς),
468 3430 555 3513 quod
587 3430 652 3495 iam
685 3429 832 3496 Rankius
866 3435 899 3496 et
925 3430 1039 3494 Muller
1067 3427 1307 3511 Strttbingensis
1336 3427 1382 3493 in·

245 3536 446 3602 tellcxcrunt.
493 3534 695 3619 Quapropter
723 3533 968 3617 grammaticum
996 3533 1146 3617 aliquem,
1176 3532 1229 3615 qui
1253 3532 1383 3598 Homeri

247 3639 389 3706 carmina
423 3638 594 3723 diligenter
627 3639 715 3704 haud
744 3637 841 3704 dubie
872 3659 913 3703 ac
942 3637 1084 3702 studiose
1112 3635 1292 3720 lectitabat,
1326 3636 1386 3702 hos

246 3764 357 3811 versus
380 3744 421 3809 de
445 3764 501 3810 suo
522 3743 730 3828 Aristophani
752 3742 901 3809 tribuisse
924 3761 1113 3827 persuasum
1135 3739 1212 3804 mihi
1235 3746 1293 3805 est.
1324 3740 1386 3805 Illa

246 3853 354 3914 autem
382 3846 531 3935 δεύτερον
558 3846 594 3910 δὲ
623 3847 676 3909 καί
705 3850 813 3934 τρίτον
843 3844 1104 3930 συκοφαντηθείς
1125 3843 1278 3927 ἀπέφυγε
1308 3843 1385 3926 quid

246 3952 308 4018 sibi
341 3952 450 4035 velint,
484 3971 614 4036 prorsus
647 3971 710 4016 non
743 3950 849 4016 video.
898 3950 983 4018 Nam
1012 3950 1178 4030 Cleonem,
1214 3952 1386 4030 postquam

246 4064 345 4142 poeta
382 4055 501 4122 iudicio
534 4055 612 4122 vicit
619 4106 627 4139 ,
666 4055 781 4120 iterum
818 4059 916 4135 atque
954 4053 1052 4119 ctiam
1085 4051 1215 4117 tertium
1248 4049 1386 4115 eandem

249 4180 397 4227 caussam
429 4179 602 4227 renovasse
635 4157 855 4232 nullomodo
889 4157 977 4224 credi
1011 4161 1068 4222 aut
1101 4152 1238 4237 cogitari
1268 4158 1385 4237 potest.

248 4268 362 4347 ltaquc
385 4264 492 4329 omnia
513 4263 597 4331 hacc
617 4262 899 4348 grammaticorum
913 4265 1094 4327 commenta
1108 4258 1205 4342 plane
1220 4255 1388 4322 reicienda

247 4376 280 4436 st
301 4367 504 4453 repudianda
527 4373 608 4433 sunt.
642 4367 825 4449 Numquam
846 4363 1095 4448 Aristophanem
1117 4382 1139 4427 a
1153 4360 1272 4426 Cleone
1295 4379 1386 4444 pere·

248 4471 408 4557 grinitatis
431 4477 617 4537 accusatum
640 4490 711 4536 esse
735 4475 889 4553 quantum
911 4468 1049 4534 maxime
1071 4485 1201 4551 possum
1216 4462 1385 4529 contendo.
