3167 4992
670 347 880 411 -gq-.

209 557 279 602 esse
303 535 532 619 suspicaretur,
560 535 651 603 Haeo
674 540 782 600 antem
805 534 866 598 viri
890 533 977 599 docti
999 533 1106 618 opinio
1129 521 1255 599 laudari
1281 555 1344 600 nou

169 649 178 659 ’
209 627 324 724 potest,
349 659 420 704 cnm
442 631 664 704 Eratosthenis
687 636 879 719 testimonio,
902 637 934 701 h.
958 657 986 702 6.
1011 636 1207 720 didascaliis,
1231 643 1344 722 aperte

208 748 376 826 repugnet.
422 741 516 807 Adde
546 741 632 824 quod
658 747 725 806 tres
753 739 939 806 comoedias
965 740 1080 805 eodem
1109 740 1178 806 1616
1200 746 1344 824 tempore

208 846 456 930 Aristophanem
485 844 651 928 scripsisse
675 848 707 910 et
730 844 859 909 dedisse
882 843 1087 908 statuendum
1109 850 1174 908 est:
1209 844 1344 928 Vespas,

209 951 420 1032 Proagonem‚
448 950 576 1014 Pacem.
600 947 770 1012 Fritzschii
799 946 981 1031 opinionem
1003 948 1139 1012 alteram
1161 946 1257 1012 Pacis
1280 947 1346 1012 edi-

133 1045 150 1066 ”
209 1053 328 1118 tionem
355 1051 524 1134 Agricolas
552 1071 622 1117 esse
651 1050 824 1116 iudicantis
852 1049 931 1114 nihil
957 1070 1071 1116 moror.
1126 1051 1240 1133 Neque
1269 1051 1346 1115 Din-

210 1155 327 1221 dorfius
349 1154 476 1221 videtur
497 1155 580 1220 benc
604 1153 730 1238 fecisse,
762 1174 834 1220 cum
856 1152 1078 1236 grammaticis
1097 1154 1229 1219 alterius
1250 1155 1346 1220 Pacis

209 1279 319 1325 versus
342 1258 550 1325 afferentibus
573 1257 669 1323 fidem
692 1257 875 1340 derogaret.

296 1379 351 1445 Sic
372 1399 424 1445 res
447 1399 481 1444 se
504 1377 617 1443 habuit
639 1399 712 1443 mea
735 1376 905 1442 sententia.
936 1376 1169 1462 Aristophanes
1183 1378 1347 1463 Dionysiis

210 1484 336 1566 magnis
352 1482 427 1548 anni
442 1483 502 1547 421
521 1483 642 1547 Pacem
657 1481 756 1566 dedit,
781 1502 879 1564 quam
893 1481 990 1546 hodic
1005 1481 1150 1564 legimus.
1184 1484 1347 1550 Posterius

214 1626 251 1633 -
277 1587 318 1651 de
346 1592 489 1669 tempore
518 1605 581 1650 non
608 1590 735 1648 constat
760 1622 798 1630 —
822 1584 907 1648 hanc
930 1583 1129 1649 comoediam
1150 1585 1347 1668 nescioquo

213 1690 254 1755 de
277 1709 392 1756 caussa
415 1689 532 1754 iterare
555 1688 664 1753 voluit.
710 1686 805 1764 Quod
827 1707 899 1752 oum
922 1686 1050 1752 fabulas
1071 1687 1132 1752 nisi
1154 1695 1347 1754 retractatas

211 1794 325 1859 iterum
354 1791 510 1857 committi
529 1791 662 1856 vetitum
686 1796 771 1856 esset
784 1791 815 1872 ¹),
845 1789 1046 1855 comoediam
1067 1792 1227 1861 recensuit
1249 1799 1347 1875 atque

213 1897 317 1962 denuo
333 1896 365 1960 in
380 1915 533 1960 scaenam
548 1894 681 1959 induxit.
713 1894 873 1959 Fabulam
888 1900 995 1959 autem
1010 1915 1125 1959 revera
1140 1901 1348 1961 retractatam
1440 1917 1451 1936 ·

213 2019 293 2082 esse,
317 2019 380 2063 non
403 1998 540 2064 candem
562 2004 619 2062 aut
641 2016 769 2081 prorsus
792 1996 891 2061 aliam
911 1997 1040 2061 doctam
1056 2017 1137 2081 esse,
1161 2020 1202 2064 ex
1217 2020 1256 2064 eo
1272 2000 1349 2066 licet

214 2102 375 2184 colligere,
415 2100 501 2183 quod
537 2119 648 2165 versus
685 2121 748 2164 non
781 2099 869 2182 nulli,
908 2099 962 2181 qui
995 2119 1037 2164 ex
1070 2102 1174 2166 altera
1207 2103 1348 2169 editione
1421 2165 1427 2174 .

214 2207 399 2287 afferuntur,
428 2224 469 2270 ex
496 2209 589 2287 parte
612 2208 790 2286 congruunt
814 2223 886 2267 cum
907 2201 1053 2267 versibus
1076 2205 1263 2270 comoediae
1286 2225 1349 2272 scr·

214 2315 321 2391 16166,
345 2307 450 2372 Kock.
474 2307 511 2372 fr.
536 2307 615 2372 294:

334 2437 377 2493 A.
401 2438 468 2503 τοϊς
491 2433 593 2492 πᾶσιν
615 2427 845 2512 ἀνθρώποισιν
862 2428 999 2512 Εἷρήνης
1021 2426 1117 2513 φίλης

333 2533 429 2618 πιστὴ
453 2532 586 2618 τροφός,
611 2537 722 2615 ταμία,
748 2532 912 2618 συνεργός,
935 2531 1128 2618 ἐπίτροπος,

332 2635 493 2720 θυγάτηρ,
517 2634 660 2720 ἀδελφή·
685 2634 795 2700 πάντα
817 2637 908 2700 ταῦτ’
930 2635 1043 2722 ἕχρῇτό
1065 2661 1131 2720 μοι.

333 2747 373 2803 Β.
402 2741 452 2803 ool
477 2740 509 2802 δ’
533 2741 638 2821 ὄνομα
661 2739 700 2824 δὴ
724 2743 755 2803 τί
775 2729 878 2820 suarm
904 2747 947 2803 A.
971 2743 989 2803 o
1011 2765 1042 2803 τι
1049 2769 1060 2818 ,·
1082 2745 1115 2809 Γ
1110 2745 1237 2826 εωργία.

280 2863 309 2926 5.
334 2866 432 2926 ΧΟΡ.
455 2860 479 2924 ὦ
503 2862 646 2945 ποθεινὴ
670 2871 737 2935 τοῖς
761 2860 900 2934 δικαίοις
922 2861 974 2922 καὶ
998 2873 1150 2947 γεωργοῖς
1172 2861 1285 2948 ἡμέρα,

334 2964 471 3046 ἄσμενός
494 2966 524 3026 o'
547 2964 628 3029 idcir
650 2976 842 3050 προσειπεῖν
863 2963 1026 3047 βούλομαι
1048 2965 1105 3039 τὰς
1127 2966 1304 3046 ἀμπέλους.

217 3087 335 3154 Versus
360 3087 487 3169 quintus
504 3093 536 3152 et
552 3093 661 3153 sentus
677 3087 709 3152 in
726 3094 856 3152 servata
872 3086 1262 3153 1611116111611111556.
1279 3089 1352 3154 551.

217 3190 355 3256 Restitui
378 3211 433 3256 eos
458 3191 553 3256 choro
577 3190 675 3256 etiam
697 3191 730 3254 in
753 3191 945 3274 fragmento,
974 3210 1046 3254 cnm
1067 3190 1160 3256 huius
1183 3210 1254 3257 esse
1277 3191 1354 3257 mihi

141 3299 145 3308 ’
217 3313 405 3378 persuasum
427 3293 476 3359 sit.

303 3417 373 3481 Iam
402 3417 531 3500 longum
560 3415 731 3482 intercedit
760 3415 914 3499 temporis
943 3415 1091 3500 spatium,
1123 3415 1212 3481 cuius
1234 3417 1353 3481 nullam

219 3518 362 3584 fabulam
386 3518 497 3603 iniqua
519 3519 647 3585 fortuna
669 3519 713 3584 ad
734 3525 792 3584 nos
815 3518 965 3584 servavit.
1010 3520 1088 3583 Post
1109 3524 1194 3584 totos
1215 3519 1353 3602 denique

219 3628 342 3707 septem
371 3645 471 3689 annos
502 3623 688 3690 comoediae
716 3623 809 3689 nobis
836 3623 941 3688 denuo
969 3622 1134 3688 exsistunt.
1187 3623 1268 3688 Sunt
1289 3624 1353 3689 hae

220 3746 345 3808 quoque
367 3727 553 3793 comoediae
568 3727 835 3810 Aristophaneae,
858 3746 962 3808 neque
978 3732 1087 3791 tamen
1101 3726 1155 3790 ille
1171 3726 1353 3792 6111111111-

219 3825 352 3913 phanes,
385 3830 437 3913 qui
465 3831 661 3914 Babylonios
695 3837 727 3895 61
755 3829 890 3912 Equites
917 3829 1103 3913 composuit.
1156 3829 1354 3911 Argumenta

219 3939 292 3998 sunt
320 3933 478 4017 prioribus
506 3933 644 4016 diversa,
673 3934 722 3999 vis
748 3933 825 3998 salis
853 3939 886 3998 et
913 3932 1105 3997 facetiarum
1131 3931 1273 4016 remittit,
1301 3954 1353 3998 res

219 4036 557 4120 politicaerccedunt.
607 4038 712 4120 Atque
741 4058 781 4101 116
811 4037 851 4100 (16
880 4055 914 4100 66
942 4035 1012 4118 ipse
1036 4033 1165 4116 quidem
1186 4042 1285 4118 pocta
1307 4036 1354 4101 fa-

219 4140 348 4205 bulatur
375 4141 408 4204 in
435 4141 662 4224 parabasibus:
697 4140 731 4204 id
759 4159 913 4204 summurn
943 4137 1025 4221 petit
1054 4137 1095 4202 ab
1123 4137 1292 4233 iudicibus,
1320 4146 1355 4205 ut

291 4403 309 4468 ¹)
330 4400 412 4464 Quod
432 4400 575 4454 Ronanum
595 4399 696 4455 fabula
714 4400 865 4453 immutata
883 4399 989 4452 iterata
1008 4403 1052 4452 est
1078 4396 1151 4452 haec
1163 4415 1221 4451 una
1234 4404 1356 4468 excepta

220 4494 273 4542 est.
310 4486 353 4542 cf.
374 4505 446 4557 quae
466 4505 531 4558 pag.
544 4489 577 4541 63
595 4505 657 4557 sqq.
676 4487 893 4557 disputavimus,
